date,auction_id,funds_placed,currency,term_days,firstdate,seconddate,rate_type,min_rate,cutoff_rate,wa_accept_rate,maxvol_bln,totalbid_bln,totalaccept_bln,totalsettle_bln,placed_volume_bln,volume_source,cr_bidders,accept_cr_bidders,place,comment,is_failed_auction,source_file_path,file_name,selection_number,file_url
2021-02-04,22021003,средства единого казначейского счёта,рубли,14.0,2021-02-05,2021-02-19,FIXED,4.05,4.05,4.05,400.0,1.0,1.0,1.0,1.0,totalsettle,1.0,1.0,АО СПВБ,,0,data/m5/roskazna_deposits/raw_files/2021-02-04_20251229_163256655.XML,20251229_163256655.XML,,https://roskazna.gov.ru/storage/operation-day-files/20251229_163256655.XML
2021-02-11,22021006,средства единого казначейского счёта,рубли,14.0,2021-02-12,2021-02-26,FIXED,4.05,,,400.0,,,,0.0,failed_auction_zero,,,АО СПВБ,Отбор заявок кредитных организаций на заключение договоров банковского депозита признан несостоявшимся,1,data/m5/roskazna_deposits/raw_files/2021-02-11_20251229_163116371.XML,20251229_163116371.XML,,https://roskazna.gov.ru/storage/operation-day-files/20251229_163116371.XML
2021-02-24,22021007,средства единого казначейского счёта,рубли,21.0,2021-02-25,2021-03-18,FIXED,4.05,,,100.0,,,,0.0,failed_auction_zero,,,ПАО Московская Биржа,Отбор заявок кредитных организаций на заключение договоров банковского депозита признан несостоявшимся,1,data/m5/roskazna_deposits/raw_files/2021-02-24_20251229_162943974.XML,20251229_162943974.XML,,https://roskazna.gov.ru/storage/operation-day-files/20251229_162943974.XML
2021-02-25,22021008,средства единого казначейского счёта,рубли,14.0,2021-02-26,2021-03-12,FIXED,4.05,,,50.0,,,,0.0,failed_auction_zero,,,АО СПВБ,Отбор заявок кредитных организаций на заключение договоров банковского депозита признан несостоявшимся,1,data/m5/roskazna_deposits/raw_files/2021-02-25_20251229_162818337.XML,20251229_162818337.XML,,https://roskazna.gov.ru/storage/operation-day-files/20251229_162818337.XML
2021-03-04,22021010,средства единого казначейского счёта,рубли,14.0,2021-03-05,2021-03-19,FIXED,4.05,,,100.0,,,,0.0,failed_auction_zero,,,АО СПВБ,Отбор заявок кредитных организаций на заключение договоров банковского депозита признан несостоявшимся,1,data/m5/roskazna_deposits/raw_files/2021-03-04_20251229_162628939.XML,20251229_162628939.XML,,https://roskazna.gov.ru/storage/operation-day-files/20251229_162628939.XML
2021-03-11,22021012,средства единого казначейского счёта,рубли,14.0,2021-03-12,2021-03-26,FIXED,4.05,,,15.0,,,,0.0,failed_auction_zero,,,АО СПВБ,Отбор заявок кредитных организаций на заключение договоров банковского депозита признан несостоявшимся,1,data/m5/roskazna_deposits/raw_files/2021-03-11_20251229_162016846.XML,20251229_162016846.XML,,https://roskazna.gov.ru/storage/operation-day-files/20251229_162016846.XML
2021-03-18,22021015,средства единого казначейского счёта,рубли,14.0,2021-03-19,2021-04-02,FIXED,4.05,4.05,4.05,5.0,5.0,5.0,5.0,5.0,totalsettle,1.0,1.0,АО СПВБ,,0,data/m5/roskazna_deposits/raw_files/2021-03-18_20251229_161906316.xml,20251229_161906316.xml,,https://roskazna.gov.ru/storage/operation-day-files/20251229_161906316.xml
2021-03-25,22021017,средства единого казначейского счёта,рубли,14.0,2021-03-26,2021-04-09,FIXED,4.29,4.29,4.29,75.0,75.0,75.0,75.0,75.0,totalsettle,1.0,1.0,АО СПВБ,,0,data/m5/roskazna_deposits/raw_files/2021-03-25_20251229_161554523.XML,20251229_161554523.XML,,https://roskazna.gov.ru/storage/operation-day-files/20251229_161554523.XML
2021-04-08,22021022,средства единого казначейского счёта,рубли,14.0,2021-04-09,2021-04-23,FIXED,4.29,4.29,4.29,50.0,52.5,50.0,50.0,50.0,totalsettle,2.0,2.0,АО СПВБ,,0,data/m5/roskazna_deposits/raw_files/2021-04-08_20251229_161425805.XML,20251229_161425805.XML,,https://roskazna.gov.ru/storage/operation-day-files/20251229_161425805.XML
2021-04-15,22021024,средства единого казначейского счёта,рубли,14.0,2021-04-16,2021-04-30,FIXED,4.29,4.29,4.29,200.0,200.0,200.0,200.0,200.0,totalsettle,1.0,1.0,АО СПВБ,,0,data/m5/roskazna_deposits/raw_files/2021-04-15_20251229_161237546.XML,20251229_161237546.XML,,https://roskazna.gov.ru/storage/operation-day-files/20251229_161237546.XML
2021-04-22,22021026,средства единого казначейского счёта,рубли,14.0,2021-04-23,2021-05-07,FIXED,4.29,4.35,4.35,200.0,353.0,200.0,200.0,200.0,totalsettle,4.0,2.0,АО СПВБ,,0,data/m5/roskazna_deposits/raw_files/2021-04-22_20251225_180812462.XML,20251225_180812462.XML,,https://roskazna.gov.ru/storage/operation-day-files/20251225_180812462.XML
2021-04-29,22021028,средства единого казначейского счёта,рубли,14.0,2021-04-30,2021-05-14,FIXED,4.76,4.76,4.77,300.0,499.0,300.0,300.0,300.0,totalsettle,3.0,3.0,АО СПВБ,,0,data/m5/roskazna_deposits/raw_files/2021-04-29_20251225_180620290.XML,20251225_180620290.XML,,https://roskazna.gov.ru/storage/operation-day-files/20251225_180620290.XML
2021-05-06,22021030,средства единого казначейского счёта,рубли,14.0,2021-05-07,2021-05-21,FIXED,4.76,4.76,4.76,300.0,370.0,300.0,300.0,300.0,totalsettle,3.0,3.0,АО СПВБ,,0,data/m5/roskazna_deposits/raw_files/2021-05-06_20251225_180020713.XML,20251225_180020713.XML,,https://roskazna.gov.ru/storage/operation-day-files/20251225_180020713.XML
2021-05-13,22021032,средства единого казначейского счёта,рубли,14.0,2021-05-14,2021-05-28,FIXED,4.76,4.79,4.79,100.0,221.5,100.0,80.0,80.0,totalsettle,4.0,1.0,АО СПВБ,,0,data/m5/roskazna_deposits/raw_files/2021-05-13_20251225_175840416.XML,20251225_175840416.XML,,https://roskazna.gov.ru/storage/operation-day-files/20251225_175840416.XML
2021-05-20,22021034,средства единого казначейского счёта,рубли,14.0,2021-05-21,2021-06-04,FIXED,4.76,4.76,4.76,300.0,388.895,300.0,300.0,300.0,totalsettle,2.0,2.0,АО СПВБ,,0,data/m5/roskazna_deposits/raw_files/2021-05-20_20251225_175630470.xml,20251225_175630470.xml,,https://roskazna.gov.ru/storage/operation-day-files/20251225_175630470.xml
2021-05-27,22021038,средства единого казначейского счёта,рубли,14.0,2021-05-28,2021-06-11,FIXED,4.76,4.76,4.76,300.0,310.0,300.0,300.0,300.0,totalsettle,2.0,2.0,АО СПВБ,,0,data/m5/roskazna_deposits/raw_files/2021-05-27_20251225_175419272.XML,20251225_175419272.XML,,https://roskazna.gov.ru/storage/operation-day-files/20251225_175419272.XML
2021-06-03,22021040,средства единого казначейского счёта,рубли,14.0,2021-06-04,2021-06-18,FIXED,4.76,4.76,4.76,200.0,200.0,200.0,200.0,200.0,totalsettle,1.0,1.0,АО СПВБ,,0,data/m5/roskazna_deposits/raw_files/2021-06-03_20251225_174934364.XML,20251225_174934364.XML,,https://roskazna.gov.ru/storage/operation-day-files/20251225_174934364.XML
2021-06-10,22021042,средства единого казначейского счёта,рубли,14.0,2021-06-11,2021-06-25,FIXED,4.76,5.01,5.01,250.0,487.128,250.0,250.0,250.0,totalsettle,4.0,2.0,АО СПВБ,,0,data/m5/roskazna_deposits/raw_files/2021-06-10_20251225_174807867.xml,20251225_174807867.xml,,https://roskazna.gov.ru/storage/operation-day-files/20251225_174807867.xml
2021-06-17,22021044,средства единого казначейского счёта,рубли,14.0,2021-06-18,2021-07-02,FIXED,5.24,5.29,5.29,200.0,410.0,200.0,200.0,200.0,totalsettle,4.0,2.0,АО СПВБ,,0,data/m5/roskazna_deposits/raw_files/2021-06-17_20251225_174627888.XML,20251225_174627888.XML,,https://roskazna.gov.ru/storage/operation-day-files/20251225_174627888.XML
2021-06-24,22021046,средства единого казначейского счёта,рубли,14.0,2021-06-25,2021-07-09,FIXED,5.24,5.31,5.31,400.0,640.0,400.0,400.0,400.0,totalsettle,2.0,1.0,АО СПВБ,,0,data/m5/roskazna_deposits/raw_files/2021-06-24_20251225_174327267.XML,20251225_174327267.XML,,https://roskazna.gov.ru/storage/operation-day-files/20251225_174327267.XML
2021-07-01,22021048,средства единого казначейского счёта,рубли,14.0,2021-07-02,2021-07-16,FIXED,5.24,5.24,5.28,200.0,335.0,200.0,200.0,200.0,totalsettle,3.0,3.0,АО СПВБ,,0,data/m5/roskazna_deposits/raw_files/2021-07-01_20251225_173856756.XML,20251225_173856756.XML,,https://roskazna.gov.ru/storage/operation-day-files/20251225_173856756.XML
2021-07-08,22021050,средства единого казначейского счёта,рубли,14.0,2021-07-09,2021-07-23,FIXED,5.24,5.24,5.31,245.0,442.406,245.0,245.0,245.0,totalsettle,4.0,4.0,АО СПВБ,,0,data/m5/roskazna_deposits/raw_files/2021-07-08_20251225_173530935.XML,20251225_173530935.XML,,https://roskazna.gov.ru/storage/operation-day-files/20251225_173530935.XML
2021-07-15,22021052,средства единого казначейского счёта,рубли,14.0,2021-07-16,2021-07-30,FIXED,5.24,5.51,5.51,200.0,436.0,200.0,200.0,200.0,totalsettle,5.0,1.0,АО СПВБ,,0,data/m5/roskazna_deposits/raw_files/2021-07-15_20251224_175241554.XML,20251224_175241554.XML,,https://roskazna.gov.ru/storage/operation-day-files/20251224_175241554.XML
2021-07-22,22021054,средства единого казначейского счёта,рубли,14.0,2021-07-23,2021-08-06,FIXED,5.24,5.84,5.84,350.0,800.0,350.0,350.0,350.0,totalsettle,5.0,1.0,АО СПВБ,,0,data/m5/roskazna_deposits/raw_files/2021-07-22_20251224_175006585.XML,20251224_175006585.XML,,https://roskazna.gov.ru/storage/operation-day-files/20251224_175006585.XML
2021-07-29,22021056,средства единого казначейского счёта,рубли,14.0,2021-07-30,2021-08-13,FIXED,6.19,6.38,6.48,400.0,704.998,400.0,400.0,400.0,totalsettle,6.0,2.0,АО СПВБ,,0,data/m5/roskazna_deposits/raw_files/2021-07-29_20251224_174520649.xml,20251224_174520649.xml,,https://roskazna.gov.ru/storage/operation-day-files/20251224_174520649.xml
2021-08-05,22021058,средства единого казначейского счёта,рубли,14.0,2021-08-06,2021-08-20,FIXED,6.19,6.28,6.28,200.0,374.0,200.0,200.0,200.0,totalsettle,5.0,1.0,АО СПВБ,,0,data/m5/roskazna_deposits/raw_files/2021-08-05_20251224_170054116.xml,20251224_170054116.xml,,https://roskazna.gov.ru/storage/operation-day-files/20251224_170054116.xml
2021-08-12,22021060,средства единого казначейского счёта,рубли,14.0,2021-08-13,2021-08-27,FIXED,6.19,6.3,6.3,300.0,550.0,300.0,300.0,300.0,totalsettle,5.0,2.0,АО СПВБ,,0,data/m5/roskazna_deposits/raw_files/2021-08-12_20251224_154838533.XML,20251224_154838533.XML,,https://roskazna.gov.ru/storage/operation-day-files/20251224_154838533.XML
2021-08-19,22021062,средства единого казначейского счёта,рубли,14.0,2021-08-20,2021-09-03,FIXED,6.19,6.38,6.43,200.0,486.0,200.0,200.0,200.0,totalsettle,8.0,4.0,АО СПВБ,,0,data/m5/roskazna_deposits/raw_files/2021-08-19_20251224_154541862.XML,20251224_154541862.XML,,https://roskazna.gov.ru/storage/operation-day-files/20251224_154541862.XML
2021-08-26,22021064,средства единого казначейского счёта,рубли,14.0,2021-08-27,2021-09-10,FIXED,6.19,6.19,6.19,500.0,671.799,500.0,500.0,500.0,totalsettle,8.0,8.0,АО СПВБ,,0,data/m5/roskazna_deposits/raw_files/2021-08-26_20251224_154345739.XML,20251224_154345739.XML,,https://roskazna.gov.ru/storage/operation-day-files/20251224_154345739.XML
2021-09-02,22021066,средства единого казначейского счёта,рубли,14.0,2021-09-03,2021-09-17,FIXED,6.19,6.26,6.26,200.0,473.0,200.0,175.0,175.0,totalsettle,6.0,2.0,АО СПВБ,,0,data/m5/roskazna_deposits/raw_files/2021-09-02_20251224_152953756.XML,20251224_152953756.XML,,https://roskazna.gov.ru/storage/operation-day-files/20251224_152953756.XML
2021-09-09,22021069,средства единого казначейского счёта,рубли,14.0,2021-09-10,2021-09-24,FIXED,6.19,6.44,6.53,500.0,983.97,500.0,500.0,500.0,totalsettle,9.0,3.0,АО СПВБ,,0,data/m5/roskazna_deposits/raw_files/2021-09-09_20251224_152042813.XML,20251224_152042813.XML,,https://roskazna.gov.ru/storage/operation-day-files/20251224_152042813.XML
2021-09-16,22021071,средства единого казначейского счёта,рубли,14.0,2021-09-17,2021-10-01,FIXED,6.43,6.55,6.59,200.0,340.0,200.0,200.0,200.0,totalsettle,8.0,4.0,АО СПВБ,,0,data/m5/roskazna_deposits/raw_files/2021-09-16_20251224_151923628.XML,20251224_151923628.XML,,https://roskazna.gov.ru/storage/operation-day-files/20251224_151923628.XML
2021-09-23,22021073,средства единого казначейского счёта,рубли,14.0,2021-09-24,2021-10-08,FIXED,6.43,6.61,6.67,500.0,938.57,500.0,500.0,500.0,totalsettle,5.0,4.0,АО СПВБ,,0,data/m5/roskazna_deposits/raw_files/2021-09-23_20251224_151742115.XML,20251224_151742115.XML,,https://roskazna.gov.ru/storage/operation-day-files/20251224_151742115.XML
2021-09-30,22021075,средства единого казначейского счёта,рубли,14.0,2021-10-01,2021-10-15,FIXED,6.43,6.43,6.49,200.0,305.455,200.0,200.0,200.0,totalsettle,6.0,6.0,АО СПВБ,,0,data/m5/roskazna_deposits/raw_files/2021-09-30_20251224_145922729.XML,20251224_145922729.XML,,https://roskazna.gov.ru/storage/operation-day-files/20251224_145922729.XML
2021-10-07,22021077,средства единого казначейского счёта,рубли,14.0,2021-10-08,2021-10-22,FIXED,6.43,6.61,6.63,200.0,420.0,200.0,200.0,200.0,totalsettle,4.0,3.0,АО СПВБ,,0,data/m5/roskazna_deposits/raw_files/2021-10-07_20251224_145656774.XML,20251224_145656774.XML,,https://roskazna.gov.ru/storage/operation-day-files/20251224_145656774.XML
2021-10-14,22021079,средства единого казначейского счёта,рубли,14.0,2021-10-15,2021-10-29,FIXED,6.43,6.73,6.78,200.0,520.0,200.0,200.0,200.0,totalsettle,8.0,4.0,АО СПВБ,,0,data/m5/roskazna_deposits/raw_files/2021-10-14_20251224_145456264.XML,20251224_145456264.XML,,https://roskazna.gov.ru/storage/operation-day-files/20251224_145456264.XML
2021-10-21,22021081,средства единого казначейского счёта,рубли,21.0,2021-10-22,2021-11-12,FIXED,6.43,6.94,6.96,200.0,484.0,200.0,200.0,200.0,totalsettle,8.0,3.0,АО СПВБ,,0,data/m5/roskazna_deposits/raw_files/2021-10-21_20251224_145211567.xml,20251224_145211567.xml,,https://roskazna.gov.ru/storage/operation-day-files/20251224_145211567.xml
2021-10-28,22021083,средства единого казначейского счёта,рубли,14.0,2021-10-29,2021-11-12,FIXED,7.14,7.14,7.16,300.0,433.451,300.0,300.0,300.0,totalsettle,5.0,5.0,АО СПВБ,,0,data/m5/roskazna_deposits/raw_files/2021-10-28_20251222_161214808.xml,20251222_161214808.xml,,https://roskazna.gov.ru/storage/operation-day-files/20251222_161214808.xml
2021-11-11,22021085,средства единого казначейского счёта,рубли,21.0,2021-11-12,2021-12-03,FIXED,7.14,7.14,7.19,400.0,674.451,400.0,400.0,400.0,totalsettle,7.0,7.0,АО СПВБ,,0,data/m5/roskazna_deposits/raw_files/2021-11-11_20251222_160655581.XML,20251222_160655581.XML,,https://roskazna.gov.ru/storage/operation-day-files/20251222_160655581.XML
2021-11-18,22021087,средства единого казначейского счёта,рубли,14.0,2021-11-19,2021-12-03,FIXED,7.14,7.26,7.28,100.0,220.0,100.0,100.0,100.0,totalsettle,4.0,3.0,АО СПВБ,,0,data/m5/roskazna_deposits/raw_files/2021-11-18_20260429_171151291.XML,20260429_171151291.XML,,https://roskazna.gov.ru/storage/operation-day-files/20260429_171151291.XML
2021-12-02,22021092,средства единого казначейского счёта,рубли,14.0,2021-12-03,2021-12-17,FIXED,7.14,7.21,7.23,420.0,686.548,420.0,420.0,420.0,totalsettle,8.0,5.0,АО СПВБ,,0,data/m5/roskazna_deposits/raw_files/2021-12-02_20251222_160358711.XML,20251222_160358711.XML,,https://roskazna.gov.ru/storage/operation-day-files/20251222_160358711.XML
2021-12-06,22021093,средства единого казначейского счёта,рубли,7.0,2021-12-06,2021-12-13,FIXED,7.14,7.14,7.14,300.0,358.0,300.0,300.0,300.0,totalsettle,6.0,6.0,АО СПВБ,,0,data/m5/roskazna_deposits/raw_files/2021-12-06_20251222_160037974.XML,20251222_160037974.XML,,https://roskazna.gov.ru/storage/operation-day-files/20251222_160037974.XML
2021-12-09,22021095,средства единого казначейского счёта,рубли,14.0,2021-12-10,2021-12-24,FIXED,7.14,7.68,7.8,100.0,341.097,100.0,100.0,100.0,totalsettle,9.0,4.0,АО СПВБ,,0,data/m5/roskazna_deposits/raw_files/2021-12-09_20251222_154806981.XML,20251222_154806981.XML,,https://roskazna.gov.ru/storage/operation-day-files/20251222_154806981.XML
2021-12-16,22021097,средства единого казначейского счёта,рубли,12.0,2021-12-17,2021-12-29,FIXED,7.14,8.21,8.21,250.0,593.097,250.0,250.0,250.0,totalsettle,7.0,1.0,АО СПВБ,,0,data/m5/roskazna_deposits/raw_files/2021-12-16_20251222_153935551.XML,20251222_153935551.XML,,https://roskazna.gov.ru/storage/operation-day-files/20251222_153935551.XML
2021-12-27,22021101,средства единого казначейского счёта,рубли,31.0,2021-12-28,2022-01-28,FLOATING,,0.57,0.67,300.0,734.408,300.0,300.0,300.0,totalsettle,7.0,2.0,АО СПВБ,,0,data/m5/roskazna_deposits/raw_files/2021-12-27_20251222_153622364.XML,20251222_153622364.XML,,https://roskazna.gov.ru/storage/operation-day-files/20251222_153622364.XML
2024-12-19,22024652,средства единого казначейского счёта,рубли,4.0,2024-12-19,2024-12-23,FIXED,20.05,20.05,20.09,750.0,999.0,750.0,749.0,749.0,totalsettle,6.0,5.0,АО СПВБ,,0,data/m5/roskazna_deposits/raw_files/2024-12-19_20251222_152151802.xml,20251222_152151802.xml,,https://roskazna.gov.ru/storage/operation-day-files/20251222_152151802.xml
2025-10-30,22025349,средства единого казначейского счёта,рубли,182.0,2025-10-30,2026-04-30,FLOATING,,0.59,0.59,50.0,136.806,50.0,50.0,50.0,totalsettle,5.0,1.0,АО СПВБ,,0,data/m5/roskazna_deposits/raw_files/2025-10-30_20251222_151157602.xml,20251222_151157602.xml,,https://roskazna.gov.ru/storage/operation-day-files/20251222_151157602.xml
2025-11-12,22025367,средства единого казначейского счёта,рубли,2.0,2025-11-12,2025-11-14,FIXED,15.76,16.06,16.07,248.0,691.787,248.0,248.0,248.0,totalsettle,7.0,3.0,ПАО Московская Биржа,,0,data/m5/roskazna_deposits/raw_files/2025-11-12_20251222_110653324.xml,20251222_110653324.xml,,https://roskazna.gov.ru/storage/operation-day-files/20251222_110653324.xml
2025-11-12,22025368,средства единого казначейского счёта,рубли,182.0,2025-11-12,2026-05-13,FLOATING,,0.8,0.84,50.0,200.339,50.0,50.0,50.0,totalsettle,7.0,3.0,ПАО Московская Биржа,,0,data/m5/roskazna_deposits/raw_files/2025-11-12_20251222_110711245.XML,20251222_110711245.XML,,https://roskazna.gov.ru/storage/operation-day-files/20251222_110711245.XML
2025-11-13,22025369,средства единого казначейского счёта,рубли,4.0,2025-11-13,2025-11-17,FIXED,15.76,15.76,15.78,398.0,721.7,398.0,398.0,398.0,totalsettle,8.0,8.0,АО СПВБ,,0,data/m5/roskazna_deposits/raw_files/2025-11-13_20251222_124116436.xml,20251222_124116436.xml,,https://roskazna.gov.ru/storage/operation-day-files/20251222_124116436.xml
2025-11-13,22025370,средства единого казначейского счёта,рубли,182.0,2025-11-13,2026-05-14,FLOATING,,0.5,0.58,50.0,114.16,50.0,50.0,50.0,totalsettle,6.0,4.0,АО СПВБ,,0,data/m5/roskazna_deposits/raw_files/2025-11-13_20251222_124116827.xml,20251222_124116827.xml,,https://roskazna.gov.ru/storage/operation-day-files/20251222_124116827.xml
2025-11-13,22025371,средства единого казначейского счёта,рубли,32.0,2025-11-13,2025-12-15,FLOATING,,0.0,0.03,1400.0,2061.828,1400.0,1400.0,1400.0,totalsettle,8.0,8.0,АО СПВБ,,0,data/m5/roskazna_deposits/raw_files/2025-11-13_20251222_124116865.xml,20251222_124116865.xml,,https://roskazna.gov.ru/storage/operation-day-files/20251222_124116865.xml
2025-11-14,22025372,средства единого казначейского счёта,рубли,182.0,2025-11-14,2026-05-15,FLOATING,,0.31,0.36,50.0,165.402,50.0,50.0,50.0,totalsettle,5.0,4.0,ПАО Московская Биржа,,0,data/m5/roskazna_deposits/raw_files/2025-11-14_20251222_124841263.XML,20251222_124841263.XML,,https://roskazna.gov.ru/storage/operation-day-files/20251222_124841263.XML
2025-11-17,22025373,средства единого казначейского счёта,рубли,2.0,2025-11-17,2025-11-19,FIXED,15.76,15.77,15.8,448.0,1042.566,448.0,448.0,448.0,totalsettle,8.0,7.0,АО СПВБ,,0,data/m5/roskazna_deposits/raw_files/2025-11-17_20251222_124116999.xml,20251222_124116999.xml,,https://roskazna.gov.ru/storage/operation-day-files/20251222_124116999.xml
2025-11-17,22025374,средства единого казначейского счёта,рубли,182.0,2025-11-17,2026-05-18,FLOATING,,0.1,0.16,50.0,111.0,50.0,50.0,50.0,totalsettle,4.0,3.0,АО СПВБ,,0,data/m5/roskazna_deposits/raw_files/2025-11-17_20251222_124116154.xml,20251222_124116154.xml,,https://roskazna.gov.ru/storage/operation-day-files/20251222_124116154.xml
2025-11-18,22025375,средства единого казначейского счёта,рубли,2.0,2025-11-18,2025-11-20,FIXED,15.76,15.76,15.76,448.0,689.979,448.0,448.0,448.0,totalsettle,6.0,6.0,ПАО Московская Биржа,,0,data/m5/roskazna_deposits/raw_files/2025-11-18_20251222_124116360.xml,20251222_124116360.xml,,https://roskazna.gov.ru/storage/operation-day-files/20251222_124116360.xml
2025-11-18,22025376,средства единого казначейского счёта,рубли,182.0,2025-11-18,2026-05-19,FLOATING,,0.0,0.02,50.0,74.15,50.0,50.0,50.0,totalsettle,4.0,4.0,ПАО Московская Биржа,,0,data/m5/roskazna_deposits/raw_files/2025-11-18_20251222_124116850.xml,20251222_124116850.xml,,https://roskazna.gov.ru/storage/operation-day-files/20251222_124116850.xml
2025-11-18,22025377,средства единого казначейского счёта,рубли,35.0,2025-11-18,2025-12-23,FLOATING,,0.01,0.01,100.0,215.428,100.0,100.0,100.0,totalsettle,4.0,3.0,ПАО Московская Биржа,,0,data/m5/roskazna_deposits/raw_files/2025-11-18_20251222_124116557.xml,20251222_124116557.xml,,https://roskazna.gov.ru/storage/operation-day-files/20251222_124116557.xml
2025-11-19,22025378,средства единого казначейского счёта,рубли,2.0,2025-11-19,2025-11-21,FIXED,15.76,16.08,16.09,148.0,530.566,148.0,148.0,148.0,totalsettle,7.0,4.0,ПАО Московская Биржа,,0,data/m5/roskazna_deposits/raw_files/2025-11-19_20251222_124841316.xml,20251222_124841316.xml,,https://roskazna.gov.ru/storage/operation-day-files/20251222_124841316.xml
2025-11-19,22025379,средства единого казначейского счёта,рубли,182.0,2025-11-19,2026-05-20,FLOATING,,0.1,0.14,50.0,95.0,50.0,50.0,50.0,totalsettle,4.0,3.0,ПАО Московская Биржа,,0,data/m5/roskazna_deposits/raw_files/2025-11-19_20251222_124841908.xml,20251222_124841908.xml,,https://roskazna.gov.ru/storage/operation-day-files/20251222_124841908.xml
2025-11-20,22025380,средства единого казначейского счёта,рубли,4.0,2025-11-20,2025-11-24,FIXED,15.76,15.9,15.9,398.0,906.0,398.0,398.0,398.0,totalsettle,5.0,3.0,АО СПВБ,,0,data/m5/roskazna_deposits/raw_files/2025-11-20_20251222_124430309.xml,20251222_124430309.xml,,https://roskazna.gov.ru/storage/operation-day-files/20251222_124430309.xml
2025-11-20,22025381,средства единого казначейского счёта,рубли,182.0,2025-11-20,2026-05-21,FLOATING,,0.6,0.64,50.0,231.551,50.0,50.0,50.0,totalsettle,7.0,4.0,АО СПВБ,,0,data/m5/roskazna_deposits/raw_files/2025-11-20_20251222_124430198.xml,20251222_124430198.xml,,https://roskazna.gov.ru/storage/operation-day-files/20251222_124430198.xml
2025-11-21,22025382,средства единого казначейского счёта,рубли,4.0,2025-11-21,2025-11-25,FIXED,15.76,16.0,16.02,48.0,117.566,48.0,48.0,48.0,totalsettle,4.0,3.0,ПАО Московская Биржа,,0,data/m5/roskazna_deposits/raw_files/2025-11-21_20251222_124430771.xml,20251222_124430771.xml,,https://roskazna.gov.ru/storage/operation-day-files/20251222_124430771.xml
2025-11-21,22025383,средства единого казначейского счёта,рубли,182.0,2025-11-21,2026-05-22,FLOATING,,0.7,0.71,50.0,178.628,50.0,50.0,50.0,totalsettle,5.0,4.0,ПАО Московская Биржа,,0,data/m5/roskazna_deposits/raw_files/2025-11-21_20251222_124430509.xml,20251222_124430509.xml,,https://roskazna.gov.ru/storage/operation-day-files/20251222_124430509.xml
2025-11-24,22025384,средства единого казначейского счёта,рубли,2.0,2025-11-24,2025-11-26,FIXED,15.76,15.97,15.98,348.0,828.0,348.0,348.0,348.0,totalsettle,5.0,3.0,АО СПВБ,,0,data/m5/roskazna_deposits/raw_files/2025-11-24_20251222_124430885.xml,20251222_124430885.xml,,https://roskazna.gov.ru/storage/operation-day-files/20251222_124430885.xml
2025-11-24,22025385,средства единого казначейского счёта,рубли,182.0,2025-11-24,2026-05-25,FLOATING,,0.8,0.81,150.0,469.0,150.0,150.0,150.0,totalsettle,6.0,3.0,АО СПВБ,,0,data/m5/roskazna_deposits/raw_files/2025-11-24_20251222_124430357.xml,20251222_124430357.xml,,https://roskazna.gov.ru/storage/operation-day-files/20251222_124430357.xml
2025-11-25,22025386,средства единого казначейского счёта,рубли,2.0,2025-11-25,2025-11-27,FIXED,15.76,16.09,16.1,148.0,412.266,148.0,148.0,148.0,totalsettle,6.0,4.0,ПАО Московская Биржа,,0,data/m5/roskazna_deposits/raw_files/2025-11-25_20251222_124430903.xml,20251222_124430903.xml,,https://roskazna.gov.ru/storage/operation-day-files/20251222_124430903.xml
2025-11-25,22025387,средства единого казначейского счёта,рубли,182.0,2025-11-25,2026-05-26,FLOATING,,0.4,0.47,150.0,277.0,150.0,150.0,150.0,totalsettle,6.0,5.0,ПАО Московская Биржа,,0,data/m5/roskazna_deposits/raw_files/2025-11-25_20251222_124431565.xml,20251222_124431565.xml,,https://roskazna.gov.ru/storage/operation-day-files/20251222_124431565.xml
2025-11-26,22025388,средства единого казначейского счёта,рубли,2.0,2025-11-26,2025-11-28,FIXED,15.76,15.77,15.85,348.0,884.676,348.0,348.0,348.0,totalsettle,8.0,7.0,ПАО Московская Биржа,,0,data/m5/roskazna_deposits/raw_files/2025-11-26_20251222_124431612.xml,20251222_124431612.xml,,https://roskazna.gov.ru/storage/operation-day-files/20251222_124431612.xml
2025-11-26,22025389,средства единого казначейского счёта,рубли,182.0,2025-11-26,2026-05-27,FLOATING,,0.0,0.02,900.0,1469.773,900.0,900.0,900.0,totalsettle,8.0,8.0,ПАО Московская Биржа,,0,data/m5/roskazna_deposits/raw_files/2025-11-26_20251222_124431354.xml,20251222_124431354.xml,,https://roskazna.gov.ru/storage/operation-day-files/20251222_124431354.xml
2025-11-27,22025390,средства единого казначейского счёта,рубли,4.0,2025-11-27,2025-12-01,FIXED,15.76,15.76,15.77,138.0,220.544,138.0,138.0,138.0,totalsettle,4.0,4.0,АО СПВБ,,0,data/m5/roskazna_deposits/raw_files/2025-11-27_20251222_124431315.xml,20251222_124431315.xml,,https://roskazna.gov.ru/storage/operation-day-files/20251222_124431315.xml
2025-11-27,22025391,средства единого казначейского счёта,рубли,53.0,2025-11-27,2026-01-19,FLOATING,,0.1,0.14,200.0,404.869,200.0,200.0,200.0,totalsettle,5.0,4.0,АО СПВБ,,0,data/m5/roskazna_deposits/raw_files/2025-11-27_20251222_124431151.xml,20251222_124431151.xml,,https://roskazna.gov.ru/storage/operation-day-files/20251222_124431151.xml
2025-11-27,22025392,средства единого казначейского счёта,рубли,182.0,2025-11-27,2026-05-28,FLOATING,,0.7,0.75,200.0,446.5,200.0,200.0,200.0,totalsettle,6.0,5.0,АО СПВБ,,0,data/m5/roskazna_deposits/raw_files/2025-11-27_20251222_124431598.xml,20251222_124431598.xml,,https://roskazna.gov.ru/storage/operation-day-files/20251222_124431598.xml
2025-11-27,22025393,средства единого казначейского счёта,рубли,4.0,2025-11-27,2025-12-01,FIXED,15.76,15.76,15.76,610.0,706.588,610.0,610.0,610.0,totalsettle,3.0,3.0,АО СПВБ,,0,data/m5/roskazna_deposits/raw_files/2025-11-27_20251222_124431837.xml,20251222_124431837.xml,,https://roskazna.gov.ru/storage/operation-day-files/20251222_124431837.xml
2025-11-28,22025394,средства единого казначейского счёта,рубли,4.0,2025-11-28,2025-12-02,FIXED,15.76,15.76,15.76,790.0,754.325,754.325,754.325,754.325,totalsettle,5.0,5.0,ПАО Московская Биржа,,0,data/m5/roskazna_deposits/raw_files/2025-11-28_20251222_121139118.XML,20251222_121139118.XML,,https://roskazna.gov.ru/storage/operation-day-files/20251222_121139118.XML
2025-11-28,22025395,средства единого казначейского счёта,рубли,7.0,2025-11-28,2025-12-05,FIXED,15.76,15.76,15.76,500.0,662.71,500.0,500.0,500.0,totalsettle,5.0,5.0,ПАО Московская Биржа,,0,data/m5/roskazna_deposits/raw_files/2025-11-28_20251222_121157693.XML,20251222_121157693.XML,,https://roskazna.gov.ru/storage/operation-day-files/20251222_121157693.XML
2025-11-28,22025396,средства единого казначейского счёта,рубли,182.0,2025-11-28,2026-05-29,FLOATING,,0.01,0.01,300.0,634.365,300.0,300.0,300.0,totalsettle,5.0,4.0,ПАО Московская Биржа,,0,data/m5/roskazna_deposits/raw_files/2025-11-28_20251222_121205399.XML,20251222_121205399.XML,,https://roskazna.gov.ru/storage/operation-day-files/20251222_121205399.XML
2025-11-28,22025397,средства единого казначейского счёта,рубли,4.0,2025-11-28,2025-12-02,FIXED,15.76,15.76,15.76,610.0,475.854,475.854,475.854,475.854,totalsettle,5.0,5.0,ПАО Московская Биржа,,0,data/m5/roskazna_deposits/raw_files/2025-11-28_20251222_121148355.XML,20251222_121148355.XML,,https://roskazna.gov.ru/storage/operation-day-files/20251222_121148355.XML
2025-12-01,22025398,средства единого казначейского счёта,рубли,2.0,2025-12-01,2025-12-03,FIXED,15.76,15.76,15.76,78.0,111.544,78.0,78.0,78.0,totalsettle,5.0,5.0,АО СПВБ,,0,data/m5/roskazna_deposits/raw_files/2025-12-01_20251222_120859482.XML,20251222_120859482.XML,,https://roskazna.gov.ru/storage/operation-day-files/20251222_120859482.XML
2025-12-01,22025399,средства единого казначейского счёта,рубли,182.0,2025-12-01,2026-06-01,FLOATING,,0.03,0.04,100.0,208.707,100.0,100.0,100.0,totalsettle,4.0,3.0,АО СПВБ,,0,data/m5/roskazna_deposits/raw_files/2025-12-01_20251222_120907934.XML,20251222_120907934.XML,,https://roskazna.gov.ru/storage/operation-day-files/20251222_120907934.XML
2025-12-01,22025400,средства единого казначейского счёта,рубли,2.0,2025-12-01,2025-12-03,FIXED,15.76,15.76,15.76,610.0,589.054,589.054,589.054,589.054,totalsettle,2.0,2.0,АО СПВБ,,0,data/m5/roskazna_deposits/raw_files/2025-12-01_20251222_120915908.XML,20251222_120915908.XML,,https://roskazna.gov.ru/storage/operation-day-files/20251222_120915908.XML
2025-12-02,22025401,средства единого казначейского счёта,рубли,2.0,2025-12-02,2025-12-04,FIXED,15.76,15.76,15.76,678.0,598.035,598.035,598.035,598.035,totalsettle,2.0,2.0,ПАО Московская Биржа,,0,data/m5/roskazna_deposits/raw_files/2025-12-02_20251222_120658866.XML,20251222_120658866.XML,,https://roskazna.gov.ru/storage/operation-day-files/20251222_120658866.XML
2025-12-02,22025402,средства единого казначейского счёта,рубли,14.0,2025-12-02,2025-12-16,FLOATING,,0.0,0.0,300.0,340.0,300.0,300.0,300.0,totalsettle,3.0,3.0,ПАО Московская Биржа,,0,data/m5/roskazna_deposits/raw_files/2025-12-02_20251222_120715856.XML,20251222_120715856.XML,,https://roskazna.gov.ru/storage/operation-day-files/20251222_120715856.XML
2025-12-02,22025403,средства единого казначейского счёта,рубли,182.0,2025-12-02,2026-06-02,FLOATING,,0.9,0.9,100.0,254.848,100.0,100.0,100.0,totalsettle,4.0,2.0,ПАО Московская Биржа,,0,data/m5/roskazna_deposits/raw_files/2025-12-02_20251222_120707704.XML,20251222_120707704.XML,,https://roskazna.gov.ru/storage/operation-day-files/20251222_120707704.XML
2025-12-02,22025404,средства единого казначейского счёта,рубли,2.0,2025-12-02,2025-12-04,FIXED,15.76,15.76,15.76,210.0,136.364,136.364,136.364,136.364,totalsettle,1.0,1.0,ПАО Московская Биржа,,0,data/m5/roskazna_deposits/raw_files/2025-12-02_20251222_120726703.xml,20251222_120726703.xml,,https://roskazna.gov.ru/storage/operation-day-files/20251222_120726703.xml
2025-12-03,22025405,средства единого казначейского счёта,рубли,2.0,2025-12-03,2025-12-05,FIXED,15.76,15.76,15.76,298.0,402.4,298.0,298.0,298.0,totalsettle,5.0,5.0,ПАО Московская Биржа,,0,data/m5/roskazna_deposits/raw_files/2025-12-03_20251222_120500773.XML,20251222_120500773.XML,,https://roskazna.gov.ru/storage/operation-day-files/20251222_120500773.XML
2025-12-03,22025406,средства единого казначейского счёта,рубли,182.0,2025-12-03,2026-06-03,FLOATING,,0.9,0.9,50.0,158.596,50.0,50.0,50.0,totalsettle,6.0,2.0,ПАО Московская Биржа,,0,data/m5/roskazna_deposits/raw_files/2025-12-03_20251222_120530288.XML,20251222_120530288.XML,,https://roskazna.gov.ru/storage/operation-day-files/20251222_120530288.XML
2025-12-04,22025407,средства единого казначейского счёта,рубли,4.0,2025-12-04,2025-12-08,FIXED,15.76,15.76,15.76,348.0,391.337,348.0,348.0,348.0,totalsettle,4.0,4.0,АО СПВБ,,0,data/m5/roskazna_deposits/raw_files/2025-12-04_20251222_120339446.XML,20251222_120339446.XML,,https://roskazna.gov.ru/storage/operation-day-files/20251222_120339446.XML
2025-12-04,22025408,средства единого казначейского счёта,рубли,40.0,2025-12-04,2026-01-13,FLOATING,,0.0,0.01,300.0,448.7,300.0,300.0,300.0,totalsettle,6.0,6.0,АО СПВБ,,0,data/m5/roskazna_deposits/raw_files/2025-12-04_20251222_120349793.XML,20251222_120349793.XML,,https://roskazna.gov.ru/storage/operation-day-files/20251222_120349793.XML
2025-12-05,22025409,средства единого казначейского счёта,рубли,4.0,2025-12-05,2025-12-09,FIXED,15.76,15.76,15.76,448.0,611.45,448.0,448.0,448.0,totalsettle,6.0,6.0,ПАО Московская Биржа,,0,data/m5/roskazna_deposits/raw_files/2025-12-05_20251222_120047731.XML,20251222_120047731.XML,,https://roskazna.gov.ru/storage/operation-day-files/20251222_120047731.XML
2025-12-05,22025410,средства единого казначейского счёта,рубли,40.0,2025-12-05,2026-01-14,FLOATING,,0.3,0.33,150.0,261.71,150.0,150.0,150.0,totalsettle,5.0,4.0,ПАО Московская Биржа,,0,data/m5/roskazna_deposits/raw_files/2025-12-05_20251222_120038249.XML,20251222_120038249.XML,,https://roskazna.gov.ru/storage/operation-day-files/20251222_120038249.XML
2025-12-05,22025411,средства единого казначейского счёта,рубли,364.0,2025-12-05,2026-12-04,FLOATING,,0.02,0.03,40.0,80.0,40.0,40.0,40.0,totalsettle,2.0,1.0,ПАО Московская Биржа,,0,data/m5/roskazna_deposits/raw_files/2025-12-05_20251222_120247851.XML,20251222_120247851.XML,,https://roskazna.gov.ru/storage/operation-day-files/20251222_120247851.XML
2025-12-08,22025412,средства единого казначейского счёта,рубли,2.0,2025-12-08,2025-12-10,FIXED,15.76,15.76,15.76,398.0,450.337,398.0,398.0,398.0,totalsettle,4.0,4.0,АО СПВБ,,0,data/m5/roskazna_deposits/raw_files/2025-12-08_20251222_115822187.XML,20251222_115822187.XML,,https://roskazna.gov.ru/storage/operation-day-files/20251222_115822187.XML
2025-12-08,22025413,средства единого казначейского счёта,рубли,38.0,2025-12-08,2026-01-15,FLOATING,,0.0,0.0,150.0,170.0,150.0,150.0,150.0,totalsettle,3.0,3.0,АО СПВБ,,0,data/m5/roskazna_deposits/raw_files/2025-12-08_20251222_115915841.XML,20251222_115915841.XML,,https://roskazna.gov.ru/storage/operation-day-files/20251222_115915841.XML
2025-12-08,22025414,средства единого казначейского счёта,рубли,45.0,2025-12-08,2026-01-22,FLOATING,,0.0,0.01,200.0,244.4,200.0,200.0,200.0,totalsettle,4.0,4.0,АО СПВБ,,0,data/m5/roskazna_deposits/raw_files/2025-12-08_20251222_115924381.XML,20251222_115924381.XML,,https://roskazna.gov.ru/storage/operation-day-files/20251222_115924381.XML
2025-12-08,22025415,средства единого казначейского счёта,рубли,364.0,2025-12-08,2026-12-07,FLOATING,,0.01,0.01,40.0,80.0,40.0,40.0,40.0,totalsettle,2.0,1.0,АО СПВБ,,0,data/m5/roskazna_deposits/raw_files/2025-12-08_20251222_115905678.XML,20251222_115905678.XML,,https://roskazna.gov.ru/storage/operation-day-files/20251222_115905678.XML
2025-12-09,22025416,средства единого казначейского счёта,рубли,1.0,2025-12-09,2025-12-10,FIXED,15.76,15.76,15.76,0.01,0.01,0.01,0.01,0.01,totalsettle,1.0,1.0,АО СПВБ,,0,data/m5/roskazna_deposits/raw_files/2025-12-09_20251222_115111404.XML,20251222_115111404.XML,,https://roskazna.gov.ru/storage/operation-day-files/20251222_115111404.XML
2025-12-09,22025417,средства единого казначейского счёта,рубли,1.0,2025-12-09,2025-12-10,FIXED,15.76,15.76,15.76,0.012,0.012,0.012,0.012,0.012,totalsettle,1.0,1.0,ПАО Московская Биржа,,0,data/m5/roskazna_deposits/raw_files/2025-12-09_20251222_115332743.XML,20251222_115332743.XML,,https://roskazna.gov.ru/storage/operation-day-files/20251222_115332743.XML
2025-12-09,22025418,средства единого казначейского счёта,рубли,2.0,2025-12-09,2025-12-11,FIXED,15.76,15.76,15.76,648.0,731.82,648.0,648.0,648.0,totalsettle,5.0,5.0,ПАО Московская Биржа,,0,data/m5/roskazna_deposits/raw_files/2025-12-09_20251222_115227779.XML,20251222_115227779.XML,,https://roskazna.gov.ru/storage/operation-day-files/20251222_115227779.XML
2025-12-09,22025419,средства единого казначейского счёта,рубли,38.0,2025-12-09,2026-01-16,FLOATING,,0.0,0.0,50.0,55.0,50.0,50.0,50.0,totalsettle,2.0,2.0,ПАО Московская Биржа,,0,data/m5/roskazna_deposits/raw_files/2025-12-09_20251222_115153329.XML,20251222_115153329.XML,,https://roskazna.gov.ru/storage/operation-day-files/20251222_115153329.XML
2025-12-09,22025420,средства единого казначейского счёта,рубли,364.0,2025-12-09,2026-12-08,FLOATING,,0.0,0.01,40.0,60.0,40.0,40.0,40.0,totalsettle,2.0,2.0,ПАО Московская Биржа,,0,data/m5/roskazna_deposits/raw_files/2025-12-09_20251222_115130136.XML,20251222_115130136.XML,,https://roskazna.gov.ru/storage/operation-day-files/20251222_115130136.XML
2025-12-09,22025421,средства единого казначейского счёта,рубли,14.0,2025-12-09,2025-12-23,FLOATING,,0.0,0.0,100.0,110.0,100.0,100.0,100.0,totalsettle,2.0,2.0,ПАО Московская Биржа,,0,data/m5/roskazna_deposits/raw_files/2025-12-09_20251222_115245377.XML,20251222_115245377.XML,,https://roskazna.gov.ru/storage/operation-day-files/20251222_115245377.XML
2025-12-10,22025422,средства единого казначейского счёта,рубли,2.0,2025-12-10,2025-12-12,FIXED,15.76,15.76,15.76,428.0,535.337,428.0,428.0,428.0,totalsettle,4.0,4.0,ПАО Московская Биржа,,0,data/m5/roskazna_deposits/raw_files/2025-12-10_20251222_114856209.XML,20251222_114856209.XML,,https://roskazna.gov.ru/storage/operation-day-files/20251222_114856209.XML
2025-12-10,22025423,средства единого казначейского счёта,рубли,37.0,2025-12-10,2026-01-16,FLOATING,,0.0,0.0,50.0,80.0,50.0,50.0,50.0,totalsettle,2.0,2.0,ПАО Московская Биржа,,0,data/m5/roskazna_deposits/raw_files/2025-12-10_20251222_114912690.XML,20251222_114912690.XML,,https://roskazna.gov.ru/storage/operation-day-files/20251222_114912690.XML
2025-12-10,22025424,средства единого казначейского счёта,рубли,364.0,2025-12-10,2026-12-09,FLOATING,,0.01,0.01,40.0,80.0,40.0,40.0,40.0,totalsettle,2.0,1.0,ПАО Московская Биржа,,0,data/m5/roskazna_deposits/raw_files/2025-12-10_20251222_114928681.XML,20251222_114928681.XML,,https://roskazna.gov.ru/storage/operation-day-files/20251222_114928681.XML
2025-12-11,22025425,средства единого казначейского счёта,рубли,4.0,2025-12-11,2025-12-15,FIXED,15.76,15.76,15.76,198.0,198.0,198.0,198.0,198.0,totalsettle,1.0,1.0,АО СПВБ,,0,data/m5/roskazna_deposits/raw_files/2025-12-11_20251222_114547916.XML,20251222_114547916.XML,,https://roskazna.gov.ru/storage/operation-day-files/20251222_114547916.XML
2025-12-11,22025426,средства единого казначейского счёта,рубли,36.0,2025-12-11,2026-01-16,FLOATING,,0.0,0.0,50.0,70.0,50.0,50.0,50.0,totalsettle,2.0,2.0,АО СПВБ,,0,data/m5/roskazna_deposits/raw_files/2025-12-11_20251222_114558324.XML,20251222_114558324.XML,,https://roskazna.gov.ru/storage/operation-day-files/20251222_114558324.XML
2025-12-11,22025427,средства единого казначейского счёта,рубли,364.0,2025-12-11,2026-12-10,FLOATING,,0.01,0.01,40.0,80.0,40.0,40.0,40.0,totalsettle,2.0,1.0,АО СПВБ,,0,data/m5/roskazna_deposits/raw_files/2025-12-11_20251222_114726820.XML,20251222_114726820.XML,,https://roskazna.gov.ru/storage/operation-day-files/20251222_114726820.XML
2025-12-11,22025428,средства единого казначейского счёта,рубли,4.0,2025-12-11,2025-12-15,FIXED,15.76,15.76,15.76,100.0,100.0,100.0,100.0,100.0,totalsettle,1.0,1.0,АО СПВБ,,0,data/m5/roskazna_deposits/raw_files/2025-12-11_20251222_114618148.XML,20251222_114618148.XML,,https://roskazna.gov.ru/storage/operation-day-files/20251222_114618148.XML
2025-12-12,22025429,средства единого казначейского счёта,рубли,4.0,2025-12-12,2025-12-16,FIXED,15.76,15.76,15.76,198.0,218.0,198.0,198.0,198.0,totalsettle,2.0,2.0,ПАО Московская Биржа,,0,data/m5/roskazna_deposits/raw_files/2025-12-12_20251222_114332824.XML,20251222_114332824.XML,,https://roskazna.gov.ru/storage/operation-day-files/20251222_114332824.XML
2025-12-12,22025430,средства единого казначейского счёта,рубли,7.0,2025-12-12,2025-12-19,FIXED,15.76,15.76,15.76,500.0,615.0,500.0,500.0,500.0,totalsettle,3.0,3.0,ПАО Московская Биржа,,0,data/m5/roskazna_deposits/raw_files/2025-12-12_20251222_114347812.XML,20251222_114347812.XML,,https://roskazna.gov.ru/storage/operation-day-files/20251222_114347812.XML
2025-12-12,22025431,средства единого казначейского счёта,рубли,364.0,2025-12-12,2026-12-11,FLOATING,,0.01,0.01,40.0,80.0,40.0,40.0,40.0,totalsettle,2.0,1.0,ПАО Московская Биржа,,0,data/m5/roskazna_deposits/raw_files/2025-12-12_20251222_114416167.XML,20251222_114416167.XML,,https://roskazna.gov.ru/storage/operation-day-files/20251222_114416167.XML
2025-12-12,22025432,средства единого казначейского счёта,рубли,7.0,2025-12-12,2025-12-19,FIXED,15.76,15.76,15.76,100.0,100.0,100.0,100.0,100.0,totalsettle,1.0,1.0,ПАО Московская Биржа,,0,data/m5/roskazna_deposits/raw_files/2025-12-12_20251222_114358859.XML,20251222_114358859.XML,,https://roskazna.gov.ru/storage/operation-day-files/20251222_114358859.XML
2025-12-15,22025433,средства единого казначейского счёта,рубли,2.0,2025-12-15,2025-12-17,FIXED,15.76,15.76,15.76,698.0,839.02,698.0,698.0,698.0,totalsettle,4.0,4.0,АО СПВБ,,0,data/m5/roskazna_deposits/raw_files/2025-12-15_20251222_114123385.XML,20251222_114123385.XML,,https://roskazna.gov.ru/storage/operation-day-files/20251222_114123385.XML
2025-12-15,22025434,средства единого казначейского счёта,рубли,7.0,2025-12-15,2025-12-22,FIXED,15.76,15.76,15.76,900.0,1009.5,900.0,900.0,900.0,totalsettle,4.0,4.0,АО СПВБ,,0,data/m5/roskazna_deposits/raw_files/2025-12-15_20251222_114148765.XML,20251222_114148765.XML,,https://roskazna.gov.ru/storage/operation-day-files/20251222_114148765.XML
2025-12-15,22025435,средства единого казначейского счёта,рубли,2.0,2025-12-15,2025-12-17,FIXED,15.76,15.76,15.76,400.0,400.0,400.0,400.0,400.0,totalsettle,1.0,1.0,АО СПВБ,,0,data/m5/roskazna_deposits/raw_files/2025-12-15_20251222_114136628.XML,20251222_114136628.XML,,https://roskazna.gov.ru/storage/operation-day-files/20251222_114136628.XML
2025-12-16,22025436,средства единого казначейского счёта,рубли,2.0,2025-12-16,2025-12-18,FIXED,15.76,15.76,15.76,328.0,374.0,328.0,328.0,328.0,totalsettle,3.0,3.0,ПАО Московская Биржа,,0,data/m5/roskazna_deposits/raw_files/2025-12-16_20251222_113934625.xml,20251222_113934625.xml,,https://roskazna.gov.ru/storage/operation-day-files/20251222_113934625.xml
2025-12-17,22025437,средства единого казначейского счёта,рубли,2.0,2025-12-17,2025-12-19,FIXED,15.76,15.76,15.76,648.0,699.02,648.0,648.0,648.0,totalsettle,4.0,4.0,ПАО Московская Биржа,,0,data/m5/roskazna_deposits/raw_files/2025-12-17_20251222_154904263.XML,20251222_154904263.XML,,https://roskazna.gov.ru/storage/operation-day-files/20251222_154904263.XML
2025-12-17,22025438,средства единого казначейского счёта,рубли,364.0,2025-12-17,2026-12-16,FLOATING,,0.5,0.5,40.0,80.0,40.0,40.0,40.0,totalsettle,2.0,2.0,ПАО Московская Биржа,,0,data/m5/roskazna_deposits/raw_files/2025-12-17_20251222_154904625.XML,20251222_154904625.XML,,https://roskazna.gov.ru/storage/operation-day-files/20251222_154904625.XML
2025-12-18,22025439,средства единого казначейского счёта,рубли,4.0,2025-12-18,2025-12-22,FIXED,15.76,15.76,15.76,183.0,257.336,183.0,183.0,183.0,totalsettle,4.0,4.0,АО СПВБ,,0,data/m5/roskazna_deposits/raw_files/2025-12-18_20251222_113713776.xml,20251222_113713776.xml,,https://roskazna.gov.ru/storage/operation-day-files/20251222_113713776.xml
2025-12-19,22025440,средства единого казначейского счёта,рубли,3.0,2025-12-19,2025-12-22,FIXED,15.76,15.76,15.76,798.0,949.02,798.0,798.0,798.0,totalsettle,6.0,6.0,ПАО Московская Биржа,,0,data/m5/roskazna_deposits/raw_files/2025-12-19_20251219_174009772.XML,20251219_174009772.XML,,https://roskazna.gov.ru/storage/operation-day-files/20251219_174009772.XML
2025-12-19,22025441,средства единого казначейского счёта,рубли,364.0,2025-12-19,2026-12-18,FLOATING,,0.2,0.2,40.0,80.0,40.0,40.0,40.0,totalsettle,2.0,2.0,ПАО Московская Биржа,,0,data/m5/roskazna_deposits/raw_files/2025-12-19_20251219_174014715.XML,20251219_174014715.XML,,https://roskazna.gov.ru/storage/operation-day-files/20251219_174014715.XML
2025-12-22,22025442,средства единого казначейского счёта,рубли,2.0,2025-12-22,2025-12-24,FIXED,15.28,15.28,15.28,950.0,1405.356,950.0,950.0,950.0,totalsettle,7.0,7.0,АО СПВБ,,0,data/m5/roskazna_deposits/raw_files/2025-12-22_20251222_175418773.XML,20251222_175418773.XML,,https://roskazna.gov.ru/storage/operation-day-files/20251222_175418773.XML
2025-12-22,22025443,средства единого казначейского счёта,рубли,7.0,2025-12-22,2025-12-29,FIXED,15.28,15.28,15.29,400.0,763.911,400.0,400.0,400.0,totalsettle,6.0,6.0,АО СПВБ,,0,data/m5/roskazna_deposits/raw_files/2025-12-22_20251222_175418167.XML,20251222_175418167.XML,,https://roskazna.gov.ru/storage/operation-day-files/20251222_175418167.XML
2025-12-22,22025444,средства единого казначейского счёта,рубли,364.0,2025-12-22,2026-12-21,FLOATING,,0.1,0.1,40.0,100.0,40.0,40.0,40.0,totalsettle,3.0,3.0,АО СПВБ,,0,data/m5/roskazna_deposits/raw_files/2025-12-22_20251222_175418991.XML,20251222_175418991.XML,,https://roskazna.gov.ru/storage/operation-day-files/20251222_175418991.XML
2025-12-23,22025445,средства единого казначейского счёта,рубли,2.0,2025-12-23,2025-12-25,FIXED,15.28,15.28,15.3,498.0,874.295,498.0,498.0,498.0,totalsettle,8.0,8.0,ПАО Московская Биржа,,0,data/m5/roskazna_deposits/raw_files/2025-12-23_20251223_174826422.XML,20251223_174826422.XML,,https://roskazna.gov.ru/storage/operation-day-files/20251223_174826422.XML
2025-12-23,22025446,средства единого казначейского счёта,рубли,364.0,2025-12-23,2026-12-22,FLOATING,,0.0,0.0,40.0,100.0,40.0,40.0,40.0,totalsettle,3.0,3.0,ПАО Московская Биржа,,0,data/m5/roskazna_deposits/raw_files/2025-12-23_20251223_174826218.XML,20251223_174826218.XML,,https://roskazna.gov.ru/storage/operation-day-files/20251223_174826218.XML
2025-12-24,22025447,средства единого казначейского счёта,рубли,2.0,2025-12-24,2025-12-26,FIXED,15.28,15.33,15.33,398.0,826.524,398.0,398.0,398.0,totalsettle,7.0,6.0,ПАО Московская Биржа,,0,data/m5/roskazna_deposits/raw_files/2025-12-24_20251224_175802820.XML,20251224_175802820.XML,,https://roskazna.gov.ru/storage/operation-day-files/20251224_175802820.XML
2025-12-24,22025448,средства единого казначейского счёта,рубли,364.0,2025-12-24,2026-12-23,FLOATING,,0.0,0.0,40.0,100.0,40.0,40.0,40.0,totalsettle,3.0,3.0,ПАО Московская Биржа,,0,data/m5/roskazna_deposits/raw_files/2025-12-24_20251224_175807992.XML,20251224_175807992.XML,,https://roskazna.gov.ru/storage/operation-day-files/20251224_175807992.XML
2025-12-24,22025449,средства единого казначейского счёта,рубли,28.0,2025-12-24,2026-01-21,FLOATING,,0.0,0.0,150.0,160.0,150.0,150.0,150.0,totalsettle,2.0,2.0,ПАО Московская Биржа,,0,data/m5/roskazna_deposits/raw_files/2025-12-24_20251224_175807112.XML,20251224_175807112.XML,,https://roskazna.gov.ru/storage/operation-day-files/20251224_175807112.XML
2025-12-25,22025450,средства единого казначейского счёта,рубли,4.0,2025-12-25,2025-12-29,FIXED,15.28,15.45,15.46,88.0,367.827,88.0,88.0,88.0,totalsettle,8.0,4.0,АО СПВБ,,0,data/m5/roskazna_deposits/raw_files/2025-12-25_20251225_185319892.XML,20251225_185319892.XML,,https://roskazna.gov.ru/storage/operation-day-files/20251225_185319892.XML
2025-12-25,22025451,средства единого казначейского счёта,рубли,364.0,2025-12-25,2026-12-24,FLOATING,,0.0,0.0,40.0,100.0,40.0,40.0,40.0,totalsettle,3.0,3.0,АО СПВБ,,0,data/m5/roskazna_deposits/raw_files/2025-12-25_20251225_185319618.XML,20251225_185319618.XML,,https://roskazna.gov.ru/storage/operation-day-files/20251225_185319618.XML
2025-12-25,22025452,средства единого казначейского счёта,рубли,4.0,2025-12-25,2025-12-29,FIXED,15.28,15.41,15.41,180.0,500.933,180.0,180.0,180.0,totalsettle,3.0,1.0,АО СПВБ,,0,data/m5/roskazna_deposits/raw_files/2025-12-25_20260112_152741651.XML,20260112_152741651.XML,,https://roskazna.gov.ru/storage/operation-day-files/20260112_152741651.XML
2025-12-26,22025453,средства единого казначейского счёта,рубли,4.0,2025-12-26,2025-12-30,FIXED,15.28,16.1,16.1,20.0,160.0,20.0,20.0,20.0,totalsettle,8.0,1.0,ПАО Московская Биржа,,0,data/m5/roskazna_deposits/raw_files/2025-12-26_20251229_100151134.XML,20251229_100151134.XML,,https://roskazna.gov.ru/storage/operation-day-files/20251229_100151134.XML
2025-12-26,22025454,средства единого казначейского счёта,рубли,364.0,2025-12-26,2026-12-25,FLOATING,,0.0,0.0,40.0,100.0,40.0,40.0,40.0,totalsettle,3.0,3.0,ПАО Московская Биржа,,0,data/m5/roskazna_deposits/raw_files/2025-12-26_20251229_100151257.XML,20251229_100151257.XML,,https://roskazna.gov.ru/storage/operation-day-files/20251229_100151257.XML
2025-12-26,22025455,средства единого казначейского счёта,рубли,4.0,2025-12-26,2025-12-30,FIXED,15.28,15.54,15.54,210.0,473.387,210.0,210.0,210.0,totalsettle,3.0,1.0,ПАО Московская Биржа,,0,data/m5/roskazna_deposits/raw_files/2025-12-26_20251226_192702269.XML,20251226_192702269.XML,,https://roskazna.gov.ru/storage/operation-day-files/20251226_192702269.XML
2025-12-26,22025456,средства единого казначейского счёта,рубли,8.0,2025-12-26,2026-01-03,FIXED,15.28,15.28,15.28,10.0,10.0,10.0,10.0,10.0,totalsettle,1.0,1.0,ПАО Московская Биржа,,0,data/m5/roskazna_deposits/raw_files/2025-12-26_20251226_192702241.XML,20251226_192702241.XML,,https://roskazna.gov.ru/storage/operation-day-files/20251226_192702241.XML
2025-12-29,22025457,средства единого казначейского счёта,рубли,1.0,2025-12-29,2025-12-30,FIXED,15.28,15.52,15.53,490.0,994.507,490.0,490.0,490.0,totalsettle,6.0,5.0,АО СПВБ,,0,data/m5/roskazna_deposits/raw_files/2025-12-29_20251229_182716539.XML,20251229_182716539.XML,,https://roskazna.gov.ru/storage/operation-day-files/20251229_182716539.XML
2025-12-29,22025458,средства единого казначейского счёта,рубли,364.0,2025-12-29,2026-12-28,FLOATING,,0.0,0.0,40.0,80.0,40.0,40.0,40.0,totalsettle,2.0,2.0,АО СПВБ,,0,data/m5/roskazna_deposits/raw_files/2025-12-29_20251229_182717207.XML,20251229_182717207.XML,,https://roskazna.gov.ru/storage/operation-day-files/20251229_182717207.XML
2025-12-29,22025459,средства единого казначейского счёта,рубли,182.0,2025-12-29,2026-06-29,FLOATING,,0.4,0.44,100.0,225.466,100.0,100.0,100.0,totalsettle,6.0,4.0,АО СПВБ,,0,data/m5/roskazna_deposits/raw_files/2025-12-29_20251229_182717309.XML,20251229_182717309.XML,,https://roskazna.gov.ru/storage/operation-day-files/20251229_182717309.XML
2025-12-29,22025460,средства единого казначейского счёта,рубли,1.0,2025-12-29,2025-12-30,FIXED,15.28,15.28,15.28,1310.0,1638.2,1310.0,1310.0,1310.0,totalsettle,3.0,3.0,АО СПВБ,,0,data/m5/roskazna_deposits/raw_files/2025-12-29_20251230_102152602.xml,20251230_102152602.xml,,https://roskazna.gov.ru/storage/operation-day-files/20251230_102152602.xml
2025-12-30,22025461,средства единого казначейского счёта,рубли,35.0,2025-12-30,2026-02-03,FLOATING,,0.9,0.93,500.0,1630.888,500.0,500.0,500.0,totalsettle,8.0,5.0,ПАО Московская Биржа,,0,data/m5/roskazna_deposits/raw_files/2025-12-30_20251230_134616407.XML,20251230_134616407.XML,,https://roskazna.gov.ru/storage/operation-day-files/20251230_134616407.XML
2025-12-30,22025462,средства единого казначейского счёта,рубли,364.0,2025-12-30,2026-12-29,FLOATING,,0.0,0.0,40.0,110.0,40.0,40.0,40.0,totalsettle,3.0,3.0,ПАО Московская Биржа,,0,data/m5/roskazna_deposits/raw_files/2025-12-30_20260112_152123179.XML,20260112_152123179.XML,,https://roskazna.gov.ru/storage/operation-day-files/20260112_152123179.XML
2025-12-30,22025463,средства единого казначейского счёта,рубли,49.0,2025-12-30,2026-02-17,FLOATING,,0.0,0.01,700.0,716.854,700.0,700.0,700.0,totalsettle,4.0,4.0,ПАО Московская Биржа,,0,data/m5/roskazna_deposits/raw_files/2025-12-30_20251230_163749894.XML,20251230_163749894.XML,,https://roskazna.gov.ru/storage/operation-day-files/20251230_163749894.XML
2025-12-30,22025465,средства единого казначейского счёта,рубли,70.0,2025-12-30,2026-03-10,FLOATING,,0.0,0.0,850.0,871.854,850.0,850.0,850.0,totalsettle,2.0,2.0,ПАО Московская Биржа,,0,data/m5/roskazna_deposits/raw_files/2025-12-30_20251230_203917309.XML,20251230_203917309.XML,,https://roskazna.gov.ru/storage/operation-day-files/20251230_203917309.XML
2026-01-16,22026001,средства единого казначейского счёта,рубли,4.0,2026-01-16,2026-01-20,FIXED,15.28,15.9,15.91,100.0,339.735,100.0,100.0,100.0,totalsettle,6.0,1.0,ПАО Московская Биржа,,0,data/m5/roskazna_deposits/raw_files/2026-01-16_20260116_111751164.xml,20260116_111751164.xml,,https://roskazna.gov.ru/storage/operation-day-files/20260116_111751164.xml
2026-01-19,22026002,средства единого казначейского счёта,рубли,2.0,2026-01-19,2026-01-21,FIXED,15.28,15.82,15.84,168.0,473.0,168.0,168.0,168.0,totalsettle,5.0,2.0,АО СПВБ,,0,data/m5/roskazna_deposits/raw_files/2026-01-19_20260119_105851638.XML,20260119_105851638.XML,,https://roskazna.gov.ru/storage/operation-day-files/20260119_105851638.XML
2026-01-20,22026003,средства единого казначейского счёта,рубли,2.0,2026-01-20,2026-01-22,FIXED,15.28,15.66,15.66,48.0,227.0,48.0,48.0,48.0,totalsettle,6.0,1.0,ПАО Московская Биржа,,0,data/m5/roskazna_deposits/raw_files/2026-01-20_20260120_110417726.XML,20260120_110417726.XML,,https://roskazna.gov.ru/storage/operation-day-files/20260120_110417726.XML
2026-01-21,22026004,средства единого казначейского счёта,рубли,2.0,2026-01-21,2026-01-23,FIXED,15.28,15.82,15.85,118.0,464.99,118.0,118.0,118.0,totalsettle,6.0,2.0,АО СПВБ,,0,data/m5/roskazna_deposits/raw_files/2026-01-21_20260121_111435211.XML,20260121_111435211.XML,,https://roskazna.gov.ru/storage/operation-day-files/20260121_111435211.XML
2026-01-22,22026005,средства единого казначейского счёта,рубли,4.0,2026-01-22,2026-01-26,FIXED,15.28,15.8,15.81,248.0,694.44,248.0,248.0,248.0,totalsettle,8.0,3.0,АО СПВБ,,0,data/m5/roskazna_deposits/raw_files/2026-01-22_20260122_105634804.XML,20260122_105634804.XML,,https://roskazna.gov.ru/storage/operation-day-files/20260122_105634804.XML
2026-01-23,22026006,средства единого казначейского счёта,рубли,4.0,2026-01-23,2026-01-27,FIXED,15.28,15.56,15.56,98.0,274.0,98.0,98.0,98.0,totalsettle,5.0,1.0,ПАО Московская Биржа,,0,data/m5/roskazna_deposits/raw_files/2026-01-23_20260123_110139868.XML,20260123_110139868.XML,,https://roskazna.gov.ru/storage/operation-day-files/20260123_110139868.XML
2026-01-26,22026007,средства единого казначейского счёта,рубли,2.0,2026-01-26,2026-01-28,FIXED,15.28,15.73,15.78,148.0,452.41,148.0,148.0,148.0,totalsettle,7.0,3.0,АО СПВБ,,0,data/m5/roskazna_deposits/raw_files/2026-01-26_20260126_173716686.XML,20260126_173716686.XML,,https://roskazna.gov.ru/storage/operation-day-files/20260126_173716686.XML
2026-01-26,22026008,средства единого казначейского счёта,рубли,21.0,2026-01-26,2026-02-16,FLOATING,,0.7,0.7,300.0,739.03,300.0,300.0,300.0,totalsettle,8.0,2.0,АО СПВБ,,0,data/m5/roskazna_deposits/raw_files/2026-01-26_20260126_173716639.XML,20260126_173716639.XML,,https://roskazna.gov.ru/storage/operation-day-files/20260126_173716639.XML
2026-01-27,22026009,средства единого казначейского счёта,рубли,2.0,2026-01-27,2026-01-29,FIXED,15.28,15.32,15.32,88.0,221.0,88.0,88.0,88.0,totalsettle,5.0,1.0,ПАО Московская Биржа,,0,data/m5/roskazna_deposits/raw_files/2026-01-27_20260127_185827542.XML,20260127_185827542.XML,,https://roskazna.gov.ru/storage/operation-day-files/20260127_185827542.XML
2026-01-27,22026010,средства единого казначейского счёта,рубли,14.0,2026-01-27,2026-02-10,FLOATING,,0.0,0.01,300.0,468.41,300.0,300.0,300.0,totalsettle,8.0,8.0,ПАО Московская Биржа,,0,data/m5/roskazna_deposits/raw_files/2026-01-27_20260127_185827411.XML,20260127_185827411.XML,,https://roskazna.gov.ru/storage/operation-day-files/20260127_185827411.XML
2026-01-27,22026011,средства единого казначейского счёта,рубли,2.0,2026-01-27,2026-01-29,FIXED,15.28,15.3,15.3,410.0,514.367,410.0,410.0,410.0,totalsettle,2.0,2.0,ПАО Московская Биржа,,0,data/m5/roskazna_deposits/raw_files/2026-01-27_20260127_190753195.XML,20260127_190753195.XML,,https://roskazna.gov.ru/storage/operation-day-files/20260127_190753195.XML
2026-01-28,22026012,средства единого казначейского счёта,рубли,2.0,2026-01-28,2026-01-30,FIXED,15.28,15.28,15.29,678.0,821.0,678.0,678.0,678.0,totalsettle,6.0,6.0,АО СПВБ,,0,data/m5/roskazna_deposits/raw_files/2026-01-28_20260128_191347186.XML,20260128_191347186.XML,,https://roskazna.gov.ru/storage/operation-day-files/20260128_191347186.XML
2026-01-28,22026013,средства единого казначейского счёта,рубли,2.0,2026-01-28,2026-01-30,FIXED,15.28,15.28,15.28,310.0,330.0,310.0,310.0,310.0,totalsettle,2.0,2.0,АО СПВБ,,0,data/m5/roskazna_deposits/raw_files/2026-01-28_20260128_191347977.XML,20260128_191347977.XML,,https://roskazna.gov.ru/storage/operation-day-files/20260128_191347977.XML
2026-01-29,22026014,средства единого казначейского счёта,рубли,14.0,2026-01-29,2026-02-12,FLOATING,,0.0,0.0,100.0,200.0,100.0,100.0,100.0,totalsettle,2.0,2.0,АО СПВБ,,0,data/m5/roskazna_deposits/raw_files/2026-01-29_20260129_190706463.XML,20260129_190706463.XML,,https://roskazna.gov.ru/storage/operation-day-files/20260129_190706463.XML
2026-01-29,22026016,средства единого казначейского счёта,рубли,4.0,2026-01-29,2026-02-02,FIXED,15.28,15.28,15.28,30.0,30.0,30.0,30.0,30.0,totalsettle,1.0,1.0,АО СПВБ,,0,data/m5/roskazna_deposits/raw_files/2026-01-29_20260129_190706180.XML,20260129_190706180.XML,,https://roskazna.gov.ru/storage/operation-day-files/20260129_190706180.XML
2026-01-29,22026017,средства единого казначейского счёта,рубли,4.0,2026-01-29,2026-02-02,FIXED,15.28,15.28,15.28,210.0,276.0,210.0,210.0,210.0,totalsettle,2.0,2.0,АО СПВБ,,0,data/m5/roskazna_deposits/raw_files/2026-01-29_20260129_190706425.xml,20260129_190706425.xml,,https://roskazna.gov.ru/storage/operation-day-files/20260129_190706425.xml
2026-01-30,22026015,средства единого казначейского счёта,рубли,14.0,2026-01-30,2026-02-13,FLOATING,,0.2,0.22,100.0,219.367,100.0,100.0,100.0,totalsettle,6.0,5.0,ПАО Московская Биржа,,0,data/m5/roskazna_deposits/raw_files/2026-01-30_20260130_180936956.XML,20260130_180936956.XML,,https://roskazna.gov.ru/storage/operation-day-files/20260130_180936956.XML
2026-01-30,22026018,средства единого казначейского счёта,рубли,4.0,2026-01-30,2026-02-03,FIXED,15.28,15.78,15.78,78.0,262.767,78.0,78.0,78.0,totalsettle,7.0,1.0,ПАО Московская Биржа,,0,data/m5/roskazna_deposits/raw_files/2026-01-30_20260130_180936459.XML,20260130_180936459.XML,,https://roskazna.gov.ru/storage/operation-day-files/20260130_180936459.XML
2026-01-30,22026019,средства единого казначейского счёта,рубли,4.0,2026-01-30,2026-02-03,FIXED,15.28,15.28,15.28,210.0,210.0,210.0,210.0,210.0,totalsettle,1.0,1.0,ПАО Московская Биржа,,0,data/m5/roskazna_deposits/raw_files/2026-01-30_20260130_185707858.XML,20260130_185707858.XML,,https://roskazna.gov.ru/storage/operation-day-files/20260130_185707858.XML
2026-02-02,22026020,средства единого казначейского счёта,рубли,2.0,2026-02-02,2026-02-04,FIXED,15.28,15.28,15.28,50.0,62.4,50.0,50.0,50.0,totalsettle,3.0,3.0,АО СПВБ,,0,data/m5/roskazna_deposits/raw_files/2026-02-02_20260202_173310334.XML,20260202_173310334.XML,,https://roskazna.gov.ru/storage/operation-day-files/20260202_173310334.XML
2026-02-02,22026021,средства единого казначейского счёта,рубли,7.0,2026-02-02,2026-02-09,FIXED,15.28,15.38,15.38,100.0,185.994,100.0,100.0,100.0,totalsettle,6.0,5.0,АО СПВБ,,0,data/m5/roskazna_deposits/raw_files/2026-02-02_20260202_173310122.XML,20260202_173310122.XML,,https://roskazna.gov.ru/storage/operation-day-files/20260202_173310122.XML
2026-02-02,22026022,средства единого казначейского счёта,рубли,2.0,2026-02-02,2026-02-04,FIXED,15.28,15.28,15.28,150.0,150.0,150.0,150.0,150.0,totalsettle,1.0,1.0,АО СПВБ,,0,data/m5/roskazna_deposits/raw_files/2026-02-02_20260202_173310367.XML,20260202_173310367.XML,,https://roskazna.gov.ru/storage/operation-day-files/20260202_173310367.XML
2026-02-03,22026023,средства единого казначейского счёта,рубли,2.0,2026-02-03,2026-02-05,FIXED,15.28,15.31,15.31,328.0,556.083,328.0,328.0,328.0,totalsettle,5.0,1.0,ПАО Московская Биржа,,0,data/m5/roskazna_deposits/raw_files/2026-02-03_20260203_171905515.XML,20260203_171905515.XML,,https://roskazna.gov.ru/storage/operation-day-files/20260203_171905515.XML
2026-02-03,22026024,средства единого казначейского счёта,рубли,7.0,2026-02-03,2026-02-10,FIXED,15.28,15.7,15.71,100.0,267.701,100.0,100.0,100.0,totalsettle,5.0,3.0,ПАО Московская Биржа,,0,data/m5/roskazna_deposits/raw_files/2026-02-03_20260203_171905192.XML,20260203_171905192.XML,,https://roskazna.gov.ru/storage/operation-day-files/20260203_171905192.XML
2026-02-04,22026025,средства единого казначейского счёта,рубли,14.0,2026-02-04,2026-02-18,FLOATING,,0.1,0.11,100.0,214.023,100.0,100.0,100.0,totalsettle,5.0,5.0,АО СПВБ,,0,data/m5/roskazna_deposits/raw_files/2026-02-04_20260204_174553280.XML,20260204_174553280.XML,,https://roskazna.gov.ru/storage/operation-day-files/20260204_174553280.XML
2026-02-04,22026028,средства единого казначейского счёта,рубли,2.0,2026-02-04,2026-02-06,FIXED,15.28,15.55,15.55,448.0,725.59,448.0,448.0,448.0,totalsettle,5.0,4.0,АО СПВБ,,0,data/m5/roskazna_deposits/raw_files/2026-02-04_20260204_174552568.XML,20260204_174552568.XML,,https://roskazna.gov.ru/storage/operation-day-files/20260204_174552568.XML
2026-02-05,22026026,средства единого казначейского счёта,рубли,14.0,2026-02-05,2026-02-19,FLOATING,,0.4,0.44,100.0,161.974,100.0,100.0,100.0,totalsettle,4.0,4.0,АО СПВБ,,0,data/m5/roskazna_deposits/raw_files/2026-02-05_20260205_173635263.xml,20260205_173635263.xml,,https://roskazna.gov.ru/storage/operation-day-files/20260205_173635263.xml
2026-02-06,22026027,средства единого казначейского счёта,рубли,14.0,2026-02-06,2026-02-20,FLOATING,,0.6,0.6,50.0,160.0,50.0,50.0,50.0,totalsettle,4.0,2.0,ПАО Московская Биржа,,0,data/m5/roskazna_deposits/raw_files/2026-02-06_20260206_164915461.xml,20260206_164915461.xml,,https://roskazna.gov.ru/storage/operation-day-files/20260206_164915461.xml
2026-02-10,22026029,средства единого казначейского счёта,рубли,2.0,2026-02-10,2026-02-12,FIXED,15.28,15.51,15.51,100.0,299.507,100.0,100.0,100.0,totalsettle,5.0,2.0,ПАО Московская Биржа,,0,data/m5/roskazna_deposits/raw_files/2026-02-10_20260210_113339709.XML,20260210_113339709.XML,,https://roskazna.gov.ru/storage/operation-day-files/20260210_113339709.XML
2026-02-11,22026030,средства единого казначейского счёта,рубли,2.0,2026-02-11,2026-02-13,FIXED,15.28,15.43,15.44,150.0,333.985,150.0,150.0,150.0,totalsettle,6.0,3.0,АО СПВБ,,0,data/m5/roskazna_deposits/raw_files/2026-02-11_20260211_105921104.XML,20260211_105921104.XML,,https://roskazna.gov.ru/storage/operation-day-files/20260211_105921104.XML
2026-02-12,22026031,средства единого казначейского счёта,рубли,4.0,2026-02-12,2026-02-16,FIXED,15.28,15.55,15.55,50.0,115.119,50.0,50.0,50.0,totalsettle,4.0,2.0,АО СПВБ,,0,data/m5/roskazna_deposits/raw_files/2026-02-12_20260212_174603643.XML,20260212_174603643.XML,,https://roskazna.gov.ru/storage/operation-day-files/20260212_174603643.XML
2026-02-12,22026032,средства единого казначейского счёта,рубли,7.0,2026-02-12,2026-02-19,FIXED,15.28,15.29,15.29,100.0,210.0,100.0,100.0,100.0,totalsettle,3.0,3.0,АО СПВБ,,0,data/m5/roskazna_deposits/raw_files/2026-02-12_20260212_174603211.XML,20260212_174603211.XML,,https://roskazna.gov.ru/storage/operation-day-files/20260212_174603211.XML
2026-02-13,22026033,средства единого казначейского счёта,рубли,4.0,2026-02-13,2026-02-17,FIXED,15.28,15.65,15.65,50.0,160.0,50.0,50.0,50.0,totalsettle,4.0,1.0,ПАО Московская Биржа,,0,data/m5/roskazna_deposits/raw_files/2026-02-13_20260213_110158866.xml,20260213_110158866.xml,,https://roskazna.gov.ru/storage/operation-day-files/20260213_110158866.xml
2026-02-17,22026034,средства единого казначейского счёта,рубли,2.0,2026-02-17,2026-02-19,FIXED,14.8,14.91,14.91,300.0,685.18,300.0,300.0,300.0,totalsettle,4.0,1.0,ПАО Московская Биржа,,0,data/m5/roskazna_deposits/raw_files/2026-02-17_20260217_113325579.xml,20260217_113325579.xml,,https://roskazna.gov.ru/storage/operation-day-files/20260217_113325579.xml
2026-02-18,22026035,средства единого казначейского счёта,рубли,2.0,2026-02-18,2026-02-20,FIXED,14.8,15.24,15.28,98.0,301.18,98.0,98.0,98.0,totalsettle,4.0,2.0,АО СПВБ,,0,data/m5/roskazna_deposits/raw_files/2026-02-18_20260218_110509360.xml,20260218_110509360.xml,,https://roskazna.gov.ru/storage/operation-day-files/20260218_110509360.xml
2026-02-19,22026036,средства единого казначейского счёта,рубли,5.0,2026-02-19,2026-02-24,FIXED,14.8,15.18,15.18,550.0,1130.0,550.0,550.0,550.0,totalsettle,4.0,1.0,АО СПВБ,,0,data/m5/roskazna_deposits/raw_files/2026-02-19_20260219_112013495.xml,20260219_112013495.xml,,https://roskazna.gov.ru/storage/operation-day-files/20260219_112013495.xml
2026-02-24,22026037,средства единого казначейского счёта,рубли,2.0,2026-02-24,2026-02-26,FIXED,14.8,15.45,15.46,100.0,335.18,100.0,100.0,100.0,totalsettle,5.0,2.0,ПАО Московская Биржа,,0,data/m5/roskazna_deposits/raw_files/2026-02-24_20260224_105037414.XML,20260224_105037414.XML,,https://roskazna.gov.ru/storage/operation-day-files/20260224_105037414.XML
2026-02-25,22026038,средства единого казначейского счёта,рубли,2.0,2026-02-25,2026-02-27,FIXED,14.8,15.3,15.31,200.0,440.18,200.0,200.0,200.0,totalsettle,5.0,3.0,АО СПВБ,,0,data/m5/roskazna_deposits/raw_files/2026-02-25_20260225_184024228.XML,20260225_184024228.XML,,https://roskazna.gov.ru/storage/operation-day-files/20260225_184024228.XML
2026-02-25,22026039,средства единого казначейского счёта,рубли,2.0,2026-02-25,2026-02-27,FIXED,14.8,15.26,15.26,100.0,215.0,100.0,100.0,100.0,totalsettle,3.0,1.0,АО СПВБ,,0,data/m5/roskazna_deposits/raw_files/2026-02-25_20260225_184025625.XML,20260225_184025625.XML,,https://roskazna.gov.ru/storage/operation-day-files/20260225_184025625.XML
2026-02-26,22026040,средства единого казначейского счёта,рубли,7.0,2026-02-26,2026-03-05,FIXED,14.8,15.26,15.27,300.0,700.0,300.0,300.0,300.0,totalsettle,4.0,3.0,АО СПВБ,,0,data/m5/roskazna_deposits/raw_files/2026-02-26_20260226_184242394.XML,20260226_184242394.XML,,https://roskazna.gov.ru/storage/operation-day-files/20260226_184242394.XML
2026-02-26,22026041,средства единого казначейского счёта,рубли,7.0,2026-02-26,2026-03-05,FIXED,14.8,15.37,15.37,200.0,410.0,200.0,200.0,200.0,totalsettle,3.0,1.0,АО СПВБ,,0,data/m5/roskazna_deposits/raw_files/2026-02-26_20260226_184242301.XML,20260226_184242301.XML,,https://roskazna.gov.ru/storage/operation-day-files/20260226_184242301.XML
2026-02-27,22026042,средства единого казначейского счёта,рубли,4.0,2026-02-27,2026-03-03,FIXED,14.8,15.3,15.3,88.0,230.886,88.0,88.0,88.0,totalsettle,5.0,1.0,ПАО Московская Биржа,,0,data/m5/roskazna_deposits/raw_files/2026-02-27_20260227_180523387.XML,20260227_180523387.XML,,https://roskazna.gov.ru/storage/operation-day-files/20260227_180523387.XML
2026-02-27,22026043,средства единого казначейского счёта,рубли,56.0,2026-02-27,2026-04-24,FLOATING,,0.5,0.5,50.0,120.0,50.0,50.0,50.0,totalsettle,6.0,3.0,ПАО Московская Биржа,,0,data/m5/roskazna_deposits/raw_files/2026-02-27_20260227_180523509.XML,20260227_180523509.XML,,https://roskazna.gov.ru/storage/operation-day-files/20260227_180523509.XML
2026-02-27,22026044,средства единого казначейского счёта,рубли,91.0,2026-02-27,2026-05-29,FLOATING,,0.4,0.44,50.0,111.0,50.0,50.0,50.0,totalsettle,5.0,3.0,ПАО Московская Биржа,,0,data/m5/roskazna_deposits/raw_files/2026-02-27_20260227_180523960.XML,20260227_180523960.XML,,https://roskazna.gov.ru/storage/operation-day-files/20260227_180523960.XML
2026-02-27,22026045,средства единого казначейского счёта,рубли,182.0,2026-02-27,2026-08-28,FLOATING,,0.5,0.59,100.0,246.797,100.0,100.0,100.0,totalsettle,6.0,4.0,ПАО Московская Биржа,,0,data/m5/roskazna_deposits/raw_files/2026-02-27_20260227_180523946.XML,20260227_180523946.XML,,https://roskazna.gov.ru/storage/operation-day-files/20260227_180523946.XML
2026-02-27,22026046,средства единого казначейского счёта,рубли,4.0,2026-02-27,2026-03-03,FIXED,14.8,14.82,14.82,1110.0,1735.008,1110.0,1110.0,1110.0,totalsettle,5.0,1.0,ПАО Московская Биржа,,0,data/m5/roskazna_deposits/raw_files/2026-02-27_20260227_192720679.XML,20260227_192720679.XML,,https://roskazna.gov.ru/storage/operation-day-files/20260227_192720679.XML
2026-03-02,22026047,средства единого казначейского счёта,рубли,2.0,2026-03-02,2026-03-04,FIXED,14.8,15.3,15.31,580.0,1239.27,580.0,580.0,580.0,totalsettle,5.0,3.0,АО СПВБ,,0,data/m5/roskazna_deposits/raw_files/2026-03-02_20260302_181407863.XML,20260302_181407863.XML,,https://roskazna.gov.ru/storage/operation-day-files/20260302_181407863.XML
2026-03-02,22026048,средства единого казначейского счёта,рубли,56.0,2026-03-02,2026-04-27,FLOATING,,0.4,0.4,50.0,92.0,50.0,50.0,50.0,totalsettle,4.0,3.0,АО СПВБ,,0,data/m5/roskazna_deposits/raw_files/2026-03-02_20260302_181407133.XML,20260302_181407133.XML,,https://roskazna.gov.ru/storage/operation-day-files/20260302_181407133.XML
2026-03-02,22026049,средства единого казначейского счёта,рубли,91.0,2026-03-02,2026-06-01,FLOATING,,0.5,0.52,50.0,102.0,50.0,50.0,50.0,totalsettle,5.0,3.0,АО СПВБ,,0,data/m5/roskazna_deposits/raw_files/2026-03-02_20260302_181407336.XML,20260302_181407336.XML,,https://roskazna.gov.ru/storage/operation-day-files/20260302_181407336.XML
2026-03-02,22026050,средства единого казначейского счёта,рубли,182.0,2026-03-02,2026-08-31,FLOATING,,0.5,0.5,60.0,129.225,60.0,60.0,60.0,totalsettle,4.0,3.0,АО СПВБ,,0,data/m5/roskazna_deposits/raw_files/2026-03-02_20260302_181407958.XML,20260302_181407958.XML,,https://roskazna.gov.ru/storage/operation-day-files/20260302_181407958.XML
2026-03-02,22026051,средства единого казначейского счёта,рубли,2.0,2026-03-02,2026-03-04,FIXED,14.8,14.8,14.8,610.0,710.0,610.0,610.0,610.0,totalsettle,2.0,2.0,АО СПВБ,,0,data/m5/roskazna_deposits/raw_files/2026-03-02_20260303_115841774.XML,20260303_115841774.XML,,https://roskazna.gov.ru/storage/operation-day-files/20260303_115841774.XML
2026-03-03,22026052,средства единого казначейского счёта,рубли,2.0,2026-03-03,2026-03-05,FIXED,14.8,14.8,14.8,278.0,298.0,278.0,278.0,278.0,totalsettle,2.0,2.0,ПАО Московская Биржа,,0,data/m5/roskazna_deposits/raw_files/2026-03-03_20260303_175940903.XML,20260303_175940903.XML,,https://roskazna.gov.ru/storage/operation-day-files/20260303_175940903.XML
2026-03-03,22026053,средства единого казначейского счёта,рубли,14.0,2026-03-03,2026-03-17,FLOATING,,0.0,0.0,300.0,337.411,300.0,300.0,300.0,totalsettle,3.0,3.0,ПАО Московская Биржа,,0,data/m5/roskazna_deposits/raw_files/2026-03-03_20260303_175940716.XML,20260303_175940716.XML,,https://roskazna.gov.ru/storage/operation-day-files/20260303_175940716.XML
2026-03-03,22026054,средства единого казначейского счёта,рубли,21.0,2026-03-03,2026-03-24,FLOATING,,0.0,0.0,200.0,287.4,200.0,200.0,200.0,totalsettle,4.0,4.0,ПАО Московская Биржа,,0,data/m5/roskazna_deposits/raw_files/2026-03-03_20260303_175940881.XML,20260303_175940881.XML,,https://roskazna.gov.ru/storage/operation-day-files/20260303_175940881.XML
2026-03-03,22026055,средства единого казначейского счёта,рубли,2.0,2026-03-03,2026-03-05,FIXED,14.8,14.81,14.81,310.0,430.0,310.0,310.0,310.0,totalsettle,2.0,1.0,ПАО Московская Биржа,,0,data/m5/roskazna_deposits/raw_files/2026-03-03_20260303_191206351.xml,20260303_191206351.xml,,https://roskazna.gov.ru/storage/operation-day-files/20260303_191206351.xml
2026-03-04,22026056,средства единого казначейского счёта,рубли,2.0,2026-03-04,2026-03-06,FIXED,14.8,15.3,15.3,178.0,426.008,178.0,178.0,178.0,totalsettle,4.0,3.0,АО СПВБ,,0,data/m5/roskazna_deposits/raw_files/2026-03-04_20260304_182231794.XML,20260304_182231794.XML,,https://roskazna.gov.ru/storage/operation-day-files/20260304_182231794.XML
2026-03-04,22026057,средства единого казначейского счёта,рубли,14.0,2026-03-04,2026-03-18,FLOATING,,0.2,0.21,300.0,720.0,300.0,300.0,300.0,totalsettle,4.0,3.0,АО СПВБ,,0,data/m5/roskazna_deposits/raw_files/2026-03-04_20260304_182231963.XML,20260304_182231963.XML,,https://roskazna.gov.ru/storage/operation-day-files/20260304_182231963.XML
2026-03-04,22026058,средства единого казначейского счёта,рубли,2.0,2026-03-04,2026-03-06,FIXED,14.8,14.8,14.8,210.0,210.0,210.0,210.0,210.0,totalsettle,1.0,1.0,АО СПВБ,,0,data/m5/roskazna_deposits/raw_files/2026-03-04_20260304_190819382.XML,20260304_190819382.XML,,https://roskazna.gov.ru/storage/operation-day-files/20260304_190819382.XML
2026-03-05,22026059,средства единого казначейского счёта,рубли,7.0,2026-03-05,2026-03-12,FIXED,14.8,15.36,15.36,500.0,1065.266,500.0,500.0,500.0,totalsettle,5.0,2.0,АО СПВБ,,0,data/m5/roskazna_deposits/raw_files/2026-03-05_20260305_113238533.XML,20260305_113238533.XML,,https://roskazna.gov.ru/storage/operation-day-files/20260305_113238533.XML
2026-03-06,22026060,средства единого казначейского счёта,рубли,5.0,2026-03-06,2026-03-11,FIXED,14.8,15.01,15.01,198.0,419.67,198.0,198.0,198.0,totalsettle,7.0,1.0,ПАО Московская Биржа,,0,data/m5/roskazna_deposits/raw_files/2026-03-06_20260306_112127895.XML,20260306_112127895.XML,,https://roskazna.gov.ru/storage/operation-day-files/20260306_112127895.XML
2026-03-10,22026061,средства единого казначейского счёта,рубли,2.0,2026-03-10,2026-03-12,FIXED,14.8,14.91,14.92,400.0,692.98,400.0,400.0,400.0,totalsettle,6.0,3.0,ПАО Московская Биржа,,0,data/m5/roskazna_deposits/raw_files/2026-03-10_20260310_110230890.xml,20260310_110230890.xml,,https://roskazna.gov.ru/storage/operation-day-files/20260310_110230890.xml
2026-03-11,22026062,средства единого казначейского счёта,рубли,2.0,2026-03-11,2026-03-13,FIXED,14.8,15.22,15.22,100.0,281.414,100.0,100.0,100.0,totalsettle,7.0,1.0,АО СПВБ,,0,data/m5/roskazna_deposits/raw_files/2026-03-11_20260311_105236260.xml,20260311_105236260.xml,,https://roskazna.gov.ru/storage/operation-day-files/20260311_105236260.xml
2026-03-12,22026063,средства единого казначейского счёта,рубли,4.0,2026-03-12,2026-03-16,FIXED,14.8,14.92,14.92,400.0,899.008,400.0,400.0,400.0,totalsettle,4.0,3.0,АО СПВБ,,0,data/m5/roskazna_deposits/raw_files/2026-03-12_20260312_120641989.xml,20260312_120641989.xml,,https://roskazna.gov.ru/storage/operation-day-files/20260312_120641989.xml
2026-03-16,22026064,средства единого казначейского счёта,рубли,2.0,2026-03-16,2026-03-18,FIXED,14.8,15.26,15.26,48.0,173.0,48.0,48.0,48.0,totalsettle,5.0,1.0,АО СПВБ,,0,data/m5/roskazna_deposits/raw_files/2026-03-16_20260316_174432807.XML,20260316_174432807.XML,,https://roskazna.gov.ru/storage/operation-day-files/20260316_174432807.XML
2026-03-16,22026065,средства единого казначейского счёта,рубли,2.0,2026-03-16,2026-03-18,FIXED,14.8,14.86,14.87,100.0,250.008,100.0,100.0,100.0,totalsettle,4.0,3.0,АО СПВБ,,0,data/m5/roskazna_deposits/raw_files/2026-03-16_20260316_174432635.XML,20260316_174432635.XML,,https://roskazna.gov.ru/storage/operation-day-files/20260316_174432635.XML
2026-03-17,22026066,средства единого казначейского счёта,рубли,2.0,2026-03-17,2026-03-19,FIXED,14.8,14.8,14.82,98.0,217.0,98.0,98.0,98.0,totalsettle,4.0,4.0,ПАО Московская Биржа,,0,data/m5/roskazna_deposits/raw_files/2026-03-17_20260317_155359924.xml,20260317_155359924.xml,,https://roskazna.gov.ru/storage/operation-day-files/20260317_155359924.xml
2026-03-18,22026067,средства единого казначейского счёта,рубли,2.0,2026-03-18,2026-03-20,FIXED,14.8,15.14,15.15,200.0,519.21,200.0,200.0,200.0,totalsettle,5.0,2.0,АО СПВБ,,0,data/m5/roskazna_deposits/raw_files/2026-03-18_20260318_105302603.xml,20260318_105302603.xml,,https://roskazna.gov.ru/storage/operation-day-files/20260318_105302603.xml
2026-03-19,22026068,средства единого казначейского счёта,рубли,1.0,2026-03-19,2026-03-20,FIXED,14.8,14.8,14.8,100.0,200.0,100.0,100.0,100.0,totalsettle,2.0,2.0,АО СПВБ,,0,data/m5/roskazna_deposits/raw_files/2026-03-19_20260319_164210196.xml,20260319_164210196.xml,,https://roskazna.gov.ru/storage/operation-day-files/20260319_164210196.xml
2026-03-23,22026069,средства единого казначейского счёта,рубли,2.0,2026-03-23,2026-03-25,FIXED,14.32,14.9,14.9,50.0,169.0,50.0,50.0,50.0,totalsettle,4.0,1.0,АО СПВБ,,0,data/m5/roskazna_deposits/raw_files/2026-03-23_20260323_110921237.xml,20260323_110921237.xml,,https://roskazna.gov.ru/storage/operation-day-files/20260323_110921237.xml
2026-03-25,22026070,средства единого казначейского счёта,рубли,2.0,2026-03-25,2026-03-27,FIXED,14.32,14.78,14.81,250.0,601.318,250.0,250.0,250.0,totalsettle,5.0,2.0,АО СПВБ,,0,data/m5/roskazna_deposits/raw_files/2026-03-25_20260325_111304356.xml,20260325_111304356.xml,,https://roskazna.gov.ru/storage/operation-day-files/20260325_111304356.xml
2026-03-26,22026071,средства единого казначейского счёта,рубли,4.0,2026-03-26,2026-03-30,FIXED,14.32,14.68,14.68,100.0,225.0,100.0,100.0,100.0,totalsettle,4.0,1.0,АО СПВБ,,0,data/m5/roskazna_deposits/raw_files/2026-03-26_20260326_180354991.XML,20260326_180354991.XML,,https://roskazna.gov.ru/storage/operation-day-files/20260326_180354991.XML
2026-03-26,22026072,средства единого казначейского счёта,рубли,14.0,2026-03-26,2026-04-09,FLOATING,,0.6,0.61,200.0,449.0,200.0,200.0,200.0,totalsettle,4.0,2.0,АО СПВБ,,0,data/m5/roskazna_deposits/raw_files/2026-03-26_20260326_180354326.XML,20260326_180354326.XML,,https://roskazna.gov.ru/storage/operation-day-files/20260326_180354326.XML
2026-03-26,22026073,средства единого казначейского счёта,рубли,364.0,2026-03-26,2027-03-25,FLOATING,,0.1,0.1,20.0,60.0,20.0,20.0,20.0,totalsettle,3.0,3.0,АО СПВБ,,0,data/m5/roskazna_deposits/raw_files/2026-03-26_20260326_180354343.XML,20260326_180354343.XML,,https://roskazna.gov.ru/storage/operation-day-files/20260326_180354343.XML
2026-03-26,22026074,средства единого казначейского счёта,рубли,14.0,2026-03-26,2026-04-09,FLOATING,,0.0,0.01,100.0,230.0,100.0,100.0,100.0,totalsettle,4.0,4.0,АО СПВБ,,0,data/m5/roskazna_deposits/raw_files/2026-03-26_20260326_180354634.XML,20260326_180354634.XML,,https://roskazna.gov.ru/storage/operation-day-files/20260326_180354634.XML
2026-03-27,22026075,средства единого казначейского счёта,рубли,4.0,2026-03-27,2026-03-31,FIXED,14.32,14.58,14.58,188.0,431.0,188.0,188.0,188.0,totalsettle,4.0,2.0,ПАО Московская Биржа,,0,data/m5/roskazna_deposits/raw_files/2026-03-27_20260327_185149173.XML,20260327_185149173.XML,,https://roskazna.gov.ru/storage/operation-day-files/20260327_185149173.XML
2026-03-27,22026076,средства единого казначейского счёта,рубли,14.0,2026-03-27,2026-04-10,FLOATING,,0.0,0.0,200.0,480.0,200.0,200.0,200.0,totalsettle,3.0,3.0,ПАО Московская Биржа,,0,data/m5/roskazna_deposits/raw_files/2026-03-27_20260327_185149748.XML,20260327_185149748.XML,,https://roskazna.gov.ru/storage/operation-day-files/20260327_185149748.XML
2026-03-27,22026077,средства единого казначейского счёта,рубли,42.0,2026-03-27,2026-05-08,FLOATING,,0.7,0.79,100.0,313.318,100.0,100.0,100.0,totalsettle,6.0,4.0,ПАО Московская Биржа,,0,data/m5/roskazna_deposits/raw_files/2026-03-27_20260327_185149682.XML,20260327_185149682.XML,,https://roskazna.gov.ru/storage/operation-day-files/20260327_185149682.XML
2026-03-27,22026078,средства единого казначейского счёта,рубли,4.0,2026-03-27,2026-03-31,FIXED,14.32,14.37,14.38,710.0,1110.0,710.0,710.0,710.0,totalsettle,2.0,2.0,ПАО Московская Биржа,,0,data/m5/roskazna_deposits/raw_files/2026-03-27_20260327_185149546.xml,20260327_185149546.xml,,https://roskazna.gov.ru/storage/operation-day-files/20260327_185149546.xml
2026-03-30,22026079,средства единого казначейского счёта,рубли,2.0,2026-03-30,2026-04-01,FIXED,14.32,14.32,14.32,678.0,728.0,678.0,678.0,678.0,totalsettle,3.0,3.0,АО СПВБ,,0,data/m5/roskazna_deposits/raw_files/2026-03-30_20260330_182840681.XML,20260330_182840681.XML,,https://roskazna.gov.ru/storage/operation-day-files/20260330_182840681.XML
2026-03-30,22026080,средства единого казначейского счёта,рубли,7.0,2026-03-30,2026-04-06,FIXED,14.32,14.32,14.32,900.0,1155.959,900.0,900.0,900.0,totalsettle,4.0,4.0,АО СПВБ,,0,data/m5/roskazna_deposits/raw_files/2026-03-30_20260330_182840848.XML,20260330_182840848.XML,,https://roskazna.gov.ru/storage/operation-day-files/20260330_182840848.XML
2026-03-30,22026081,средства единого казначейского счёта,рубли,2.0,2026-03-30,2026-04-01,FIXED,14.32,14.32,14.32,610.0,679.546,610.0,610.0,610.0,totalsettle,3.0,3.0,АО СПВБ,,0,data/m5/roskazna_deposits/raw_files/2026-03-30_20260330_190105247.XML,20260330_190105247.XML,,https://roskazna.gov.ru/storage/operation-day-files/20260330_190105247.XML
2026-03-31,22026082,средства единого казначейского счёта,рубли,2.0,2026-03-31,2026-04-02,FIXED,14.32,14.85,14.85,78.0,239.236,78.0,78.0,78.0,totalsettle,6.0,1.0,ПАО Московская Биржа,,0,data/m5/roskazna_deposits/raw_files/2026-03-31_20260331_190920486.XML,20260331_190920486.XML,,https://roskazna.gov.ru/storage/operation-day-files/20260331_190920486.XML
2026-03-31,22026083,средства единого казначейского счёта,рубли,2.0,2026-03-31,2026-04-02,FIXED,14.32,14.32,14.49,610.0,1040.0,610.0,610.0,610.0,totalsettle,3.0,3.0,ПАО Московская Биржа,,0,data/m5/roskazna_deposits/raw_files/2026-03-31_20260331_190920576.XML,20260331_190920576.XML,,https://roskazna.gov.ru/storage/operation-day-files/20260331_190920576.XML
2026-04-01,22026084,средства единого казначейского счёта,рубли,2.0,2026-04-01,2026-04-03,FIXED,14.32,14.32,14.32,428.0,624.563,428.0,428.0,428.0,totalsettle,4.0,4.0,ПАО Московская Биржа,,0,data/m5/roskazna_deposits/raw_files/2026-04-01_20260401_190449102.xml,20260401_190449102.xml,,https://roskazna.gov.ru/storage/operation-day-files/20260401_190449102.xml
2026-04-01,22026085,средства единого казначейского счёта,рубли,2.0,2026-04-01,2026-04-03,FIXED,14.32,14.32,14.32,660.0,763.48,660.0,660.0,660.0,totalsettle,3.0,3.0,ПАО Московская Биржа,,0,data/m5/roskazna_deposits/raw_files/2026-04-01_20260401_190449292.xml,20260401_190449292.xml,,https://roskazna.gov.ru/storage/operation-day-files/20260401_190449292.xml
2026-04-02,22026086,средства единого казначейского счёта,рубли,4.0,2026-04-02,2026-04-06,FIXED,14.32,14.33,14.34,248.0,529.632,248.0,248.0,248.0,totalsettle,6.0,5.0,АО СПВБ,,0,data/m5/roskazna_deposits/raw_files/2026-04-02_20260402_175358875.XML,20260402_175358875.XML,,https://roskazna.gov.ru/storage/operation-day-files/20260402_175358875.XML
2026-04-02,22026087,средства единого казначейского счёта,рубли,7.0,2026-04-02,2026-04-09,FIXED,14.32,14.33,14.33,200.0,430.0,200.0,200.0,200.0,totalsettle,4.0,3.0,АО СПВБ,,0,data/m5/roskazna_deposits/raw_files/2026-04-02_20260402_175358341.XML,20260402_175358341.XML,,https://roskazna.gov.ru/storage/operation-day-files/20260402_175358341.XML
2026-04-02,22026088,средства единого казначейского счёта,рубли,91.0,2026-04-02,2026-07-02,FLOATING,,0.8,0.8,20.0,92.0,20.0,20.0,20.0,totalsettle,6.0,2.0,АО СПВБ,,0,data/m5/roskazna_deposits/raw_files/2026-04-02_20260402_175358460.XML,20260402_175358460.XML,,https://roskazna.gov.ru/storage/operation-day-files/20260402_175358460.XML
2026-04-02,22026089,средства единого казначейского счёта,рубли,35.0,2026-04-02,2026-05-07,FLOATING,,0.6,0.6,20.0,50.0,20.0,20.0,20.0,totalsettle,3.0,1.0,АО СПВБ,,0,data/m5/roskazna_deposits/raw_files/2026-04-02_20260402_175358637.XML,20260402_175358637.XML,,https://roskazna.gov.ru/storage/operation-day-files/20260402_175358637.XML
2026-04-03,22026090,средства единого казначейского счёта,рубли,4.0,2026-04-03,2026-04-07,FIXED,14.32,14.32,14.33,250.0,420.0,250.0,250.0,250.0,totalsettle,5.0,5.0,ПАО Московская Биржа,,0,data/m5/roskazna_deposits/raw_files/2026-04-03_20260403_115054888.xml,20260403_115054888.xml,,https://roskazna.gov.ru/storage/operation-day-files/20260403_115054888.xml
2026-04-03,22026091,средства единого казначейского счёта,рубли,7.0,2026-04-03,2026-04-10,FIXED,14.32,14.32,14.33,300.0,525.773,300.0,300.0,300.0,totalsettle,7.0,7.0,ПАО Московская Биржа,,0,data/m5/roskazna_deposits/raw_files/2026-04-03_20260403_115054888.xml,20260403_115054888.xml,,https://roskazna.gov.ru/storage/operation-day-files/20260403_115054888.xml
2026-04-06,22026092,средства единого казначейского счёта,рубли,2.0,2026-04-06,2026-04-08,FIXED,14.32,14.32,14.33,800.0,1192.176,800.0,800.0,800.0,totalsettle,5.0,5.0,АО СПВБ,,0,data/m5/roskazna_deposits/raw_files/2026-04-06_20260406_154955767.XML,20260406_154955767.XML,,https://roskazna.gov.ru/storage/operation-day-files/20260406_154955767.XML
2026-04-07,22026093,средства единого казначейского счёта,рубли,1.0,2026-04-07,2026-04-08,FIXED,14.32,14.32,14.32,0.008,0.003,0.003,0.003,0.003,totalsettle,3.0,3.0,ПАО Московская Биржа,,0,data/m5/roskazna_deposits/raw_files/2026-04-07_20260407_174919446.XML,20260407_174919446.XML,,https://roskazna.gov.ru/storage/operation-day-files/20260407_174919446.XML
2026-04-07,22026094,средства единого казначейского счёта,рубли,2.0,2026-04-07,2026-04-09,FIXED,14.32,14.71,14.73,98.0,233.0,98.0,98.0,98.0,totalsettle,5.0,2.0,ПАО Московская Биржа,,0,data/m5/roskazna_deposits/raw_files/2026-04-07_20260407_174919701.xml,20260407_174919701.xml,,https://roskazna.gov.ru/storage/operation-day-files/20260407_174919701.xml
2026-04-07,22026095,средства единого казначейского счёта,рубли,364.0,2026-04-07,2027-04-06,FLOATING,,0.1,0.1,20.0,80.0,20.0,20.0,20.0,totalsettle,4.0,2.0,ПАО Московская Биржа,,0,data/m5/roskazna_deposits/raw_files/2026-04-07_20260407_174919700.XML,20260407_174919700.XML,,https://roskazna.gov.ru/storage/operation-day-files/20260407_174919700.XML
2026-04-08,22026096,средства единого казначейского счёта,рубли,1.0,2026-04-08,2026-04-09,FIXED,14.32,14.32,14.32,0.0088,0.0066,0.0066,0.0066,0.0066,totalsettle,6.0,6.0,ПАО Московская Биржа,,0,data/m5/roskazna_deposits/raw_files/2026-04-08_20260420_161615609.xml,20260420_161615609.xml,,https://roskazna.gov.ru/storage/operation-day-files/20260420_161615609.xml
2026-04-08,22026097,средства единого казначейского счёта,рубли,2.0,2026-04-08,2026-04-10,FIXED,14.32,14.32,14.33,300.0,502.176,300.0,300.0,300.0,totalsettle,4.0,4.0,ПАО Московская Биржа,,0,data/m5/roskazna_deposits/raw_files/2026-04-08_20260408_174015145.XML,20260408_174015145.XML,,https://roskazna.gov.ru/storage/operation-day-files/20260408_174015145.XML
2026-04-08,22026098,средства единого казначейского счёта,рубли,7.0,2026-04-08,2026-04-15,FIXED,14.32,14.32,14.33,300.0,545.0,300.0,300.0,300.0,totalsettle,5.0,5.0,ПАО Московская Биржа,,0,data/m5/roskazna_deposits/raw_files/2026-04-08_20260408_174015144.XML,20260408_174015144.XML,,https://roskazna.gov.ru/storage/operation-day-files/20260408_174015144.XML
2026-04-09,22026099,средства единого казначейского счёта,рубли,4.0,2026-04-09,2026-04-13,FIXED,14.32,14.41,14.42,450.0,983.636,450.0,450.0,450.0,totalsettle,6.0,4.0,АО СПВБ,,0,data/m5/roskazna_deposits/raw_files/2026-04-09_20260409_174758463.XML,20260409_174758463.XML,,https://roskazna.gov.ru/storage/operation-day-files/20260409_174758463.XML
2026-04-09,22026100,средства единого казначейского счёта,рубли,7.0,2026-04-09,2026-04-16,FIXED,14.32,14.5,14.5,100.0,240.0,100.0,100.0,100.0,totalsettle,4.0,2.0,АО СПВБ,,0,data/m5/roskazna_deposits/raw_files/2026-04-09_20260409_174758555.XML,20260409_174758555.XML,,https://roskazna.gov.ru/storage/operation-day-files/20260409_174758555.XML
2026-04-09,22026101,средства единого казначейского счёта,рубли,280.0,2026-04-09,2027-01-14,FLOATING,,0.0,0.0,20.0,40.0,20.0,20.0,20.0,totalsettle,2.0,2.0,АО СПВБ,,0,data/m5/roskazna_deposits/raw_files/2026-04-09_20260409_174758910.XML,20260409_174758910.XML,,https://roskazna.gov.ru/storage/operation-day-files/20260409_174758910.XML
2026-04-10,22026102,средства единого казначейского счёта,рубли,4.0,2026-04-10,2026-04-14,FIXED,14.32,14.36,14.36,350.0,790.0,350.0,350.0,350.0,totalsettle,5.0,1.0,ПАО Московская Биржа,,0,data/m5/roskazna_deposits/raw_files/2026-04-10_20260410_115736776.XML,20260410_115736776.XML,,https://roskazna.gov.ru/storage/operation-day-files/20260410_115736776.XML
2026-04-13,22026103,средства единого казначейского счёта,рубли,2.0,2026-04-13,2026-04-15,FIXED,14.32,14.45,14.45,250.0,794.0,250.0,250.0,250.0,totalsettle,6.0,2.0,АО СПВБ,,0,data/m5/roskazna_deposits/raw_files/2026-04-13_20260413_111301869.xml,20260413_111301869.xml,,https://roskazna.gov.ru/storage/operation-day-files/20260413_111301869.xml
2026-04-14,22026104,средства единого казначейского счёта,рубли,2.0,2026-04-14,2026-04-16,FIXED,14.32,14.35,14.37,200.0,436.0,200.0,200.0,200.0,totalsettle,5.0,4.0,ПАО Московская Биржа,,0,data/m5/roskazna_deposits/raw_files/2026-04-14_20260414_174002733.XML,20260414_174002733.XML,,https://roskazna.gov.ru/storage/operation-day-files/20260414_174002733.XML
2026-04-14,22026105,средства единого казначейского счёта,рубли,7.0,2026-04-14,2026-04-21,FIXED,14.32,14.33,14.33,100.0,250.0,100.0,100.0,100.0,totalsettle,5.0,4.0,ПАО Московская Биржа,,0,data/m5/roskazna_deposits/raw_files/2026-04-14_20260414_174002970.XML,20260414_174002970.XML,,https://roskazna.gov.ru/storage/operation-day-files/20260414_174002970.XML
2026-04-15,22026106,средства единого казначейского счёта,рубли,1.0,2026-04-15,2026-04-16,FIXED,14.32,14.32,14.32,0.017,0.015,0.015,0.015,0.015,totalsettle,15.0,15.0,АО СПВБ,,0,data/m5/roskazna_deposits/raw_files/2026-04-15_20260415_174147943.XML,20260415_174147943.XML,,https://roskazna.gov.ru/storage/operation-day-files/20260415_174147943.XML
2026-04-15,22026107,средства единого казначейского счёта,рубли,2.0,2026-04-15,2026-04-17,FIXED,14.32,14.46,14.46,350.0,889.0,350.0,350.0,350.0,totalsettle,5.0,1.0,АО СПВБ,,0,data/m5/roskazna_deposits/raw_files/2026-04-15_20260415_174147707.XML,20260415_174147707.XML,,https://roskazna.gov.ru/storage/operation-day-files/20260415_174147707.XML
2026-04-16,22026108,средства единого казначейского счёта,рубли,4.0,2026-04-16,2026-04-20,FIXED,14.32,14.43,14.44,400.0,849.0,400.0,400.0,400.0,totalsettle,4.0,3.0,АО СПВБ,,0,data/m5/roskazna_deposits/raw_files/2026-04-16_20260416_105319217.xml,20260416_105319217.xml,,https://roskazna.gov.ru/storage/operation-day-files/20260416_105319217.xml
2026-04-17,22026109,средства единого казначейского счёта,рубли,4.0,2026-04-17,2026-04-21,FIXED,14.32,14.43,14.43,150.0,315.0,150.0,150.0,150.0,totalsettle,3.0,1.0,ПАО Московская Биржа,,0,data/m5/roskazna_deposits/raw_files/2026-04-17_20260417_104327748.xml,20260417_104327748.xml,,https://roskazna.gov.ru/storage/operation-day-files/20260417_104327748.xml
2026-04-20,22026110,средства единого казначейского счёта,рубли,1.0,2026-04-20,2026-04-21,FIXED,14.32,14.43,14.43,198.0,396.0,198.0,198.0,198.0,totalsettle,2.0,1.0,АО СПВБ,,0,data/m5/roskazna_deposits/raw_files/2026-04-20_20260420_174347589.XML,20260420_174347589.XML,,https://roskazna.gov.ru/storage/operation-day-files/20260420_174347589.XML
2026-04-20,22026111,средства единого казначейского счёта,рубли,2.0,2026-04-20,2026-04-22,FIXED,14.32,14.43,14.43,100.0,215.0,100.0,100.0,100.0,totalsettle,3.0,1.0,АО СПВБ,,0,data/m5/roskazna_deposits/raw_files/2026-04-20_20260420_174347160.XML,20260420_174347160.XML,,https://roskazna.gov.ru/storage/operation-day-files/20260420_174347160.XML
2026-04-21,22026112,средства единого казначейского счёта,рубли,1.0,2026-04-21,2026-04-22,FIXED,14.32,14.35,14.35,248.0,496.0,248.0,248.0,248.0,totalsettle,2.0,1.0,ПАО Московская Биржа,,0,data/m5/roskazna_deposits/raw_files/2026-04-21_20260421_175644139.XML,20260421_175644139.XML,,https://roskazna.gov.ru/storage/operation-day-files/20260421_175644139.XML
2026-04-21,22026113,средства единого казначейского счёта,рубли,364.0,2026-04-21,2027-04-20,FLOATING,,0.5,0.5,20.0,55.0,20.0,20.0,20.0,totalsettle,4.0,2.0,ПАО Московская Биржа,,0,data/m5/roskazna_deposits/raw_files/2026-04-21_20260421_175644431.XML,20260421_175644431.XML,,https://roskazna.gov.ru/storage/operation-day-files/20260421_175644431.XML
2026-04-22,22026114,средства единого казначейского счёта,рубли,1.0,2026-04-22,2026-04-23,FIXED,14.32,14.48,14.48,48.0,111.0,48.0,48.0,48.0,totalsettle,3.0,1.0,ПАО Московская Биржа,,0,data/m5/roskazna_deposits/raw_files/2026-04-22_20260422_104917770.xml,20260422_104917770.xml,,https://roskazna.gov.ru/storage/operation-day-files/20260422_104917770.xml
2026-04-23,22026115,средства единого казначейского счёта,рубли,4.0,2026-04-23,2026-04-27,FIXED,14.32,14.48,14.48,100.0,215.0,100.0,100.0,100.0,totalsettle,3.0,1.0,АО СПВБ,,0,data/m5/roskazna_deposits/raw_files/2026-04-23_20260423_174932775.XML,20260423_174932775.XML,,https://roskazna.gov.ru/storage/operation-day-files/20260423_174932775.XML
2026-04-23,22026116,средства единого казначейского счёта,рубли,287.0,2026-04-23,2027-02-04,FLOATING,,0.5,0.5,20.0,85.0,20.0,20.0,20.0,totalsettle,5.0,2.0,АО СПВБ,,0,data/m5/roskazna_deposits/raw_files/2026-04-23_20260423_174932113.XML,20260423_174932113.XML,,https://roskazna.gov.ru/storage/operation-day-files/20260423_174932113.XML
2026-04-24,22026117,средства единого казначейского счёта,рубли,10.0,2026-04-24,2026-05-04,FLOATING,,0.5,0.5,250.0,700.0,250.0,250.0,250.0,totalsettle,3.0,2.0,ПАО Московская Биржа,,0,data/m5/roskazna_deposits/raw_files/2026-04-24_20260424_105532535.xml,20260424_105532535.xml,,https://roskazna.gov.ru/storage/operation-day-files/20260424_105532535.xml
2026-04-27,22026118,средства единого казначейского счёта,рубли,8.0,2026-04-27,2026-05-05,FLOATING,,0.7,0.7,288.0,856.0,288.0,288.0,288.0,totalsettle,5.0,2.0,АО СПВБ,,0,data/m5/roskazna_deposits/raw_files/2026-04-27_20260427_181249947.XML,20260427_181249947.XML,,https://roskazna.gov.ru/storage/operation-day-files/20260427_181249947.XML
2026-04-27,22026119,средства единого казначейского счёта,рубли,15.0,2026-04-27,2026-05-12,FLOATING,,0.0,0.01,50.0,175.0,50.0,50.0,50.0,totalsettle,5.0,5.0,АО СПВБ,,0,data/m5/roskazna_deposits/raw_files/2026-04-27_20260427_181250349.XML,20260427_181250349.XML,,https://roskazna.gov.ru/storage/operation-day-files/20260427_181250349.XML
2026-04-27,22026120,средства единого казначейского счёта,рубли,35.0,2026-04-27,2026-06-01,FLOATING,,0.7,0.78,50.0,215.0,50.0,50.0,50.0,totalsettle,6.0,2.0,АО СПВБ,,0,data/m5/roskazna_deposits/raw_files/2026-04-27_20260427_181250929.XML,20260427_181250929.XML,,https://roskazna.gov.ru/storage/operation-day-files/20260427_181250929.XML
2026-04-27,22026121,средства единого казначейского счёта,рубли,2.0,2026-04-27,2026-04-29,FIXED,13.85,13.85,13.86,1010.0,1622.088,1010.0,1010.0,1010.0,totalsettle,2.0,2.0,АО СПВБ,,0,data/m5/roskazna_deposits/raw_files/2026-04-27_20260427_185538720.XML,20260427_185538720.XML,,https://roskazna.gov.ru/storage/operation-day-files/20260427_185538720.XML
2026-04-28,22026122,средства единого казначейского счёта,рубли,2.0,2026-04-28,2026-04-30,FIXED,13.85,13.85,13.85,1328.0,1594.834,1328.0,1328.0,1328.0,totalsettle,5.0,5.0,ПАО Московская Биржа,,0,data/m5/roskazna_deposits/raw_files/2026-04-28_20260428_183057340.XML,20260428_183057340.XML,,https://roskazna.gov.ru/storage/operation-day-files/20260428_183057340.XML
2026-04-28,22026123,средства единого казначейского счёта,рубли,8.0,2026-04-28,2026-05-06,FLOATING,,0.0,0.01,200.0,290.0,200.0,200.0,200.0,totalsettle,5.0,5.0,ПАО Московская Биржа,,0,data/m5/roskazna_deposits/raw_files/2026-04-28_20260428_183057629.XML,20260428_183057629.XML,,https://roskazna.gov.ru/storage/operation-day-files/20260428_183057629.XML
2026-04-28,22026124,средства единого казначейского счёта,рубли,35.0,2026-04-28,2026-06-02,FLOATING,,0.6,0.62,50.0,140.0,50.0,50.0,50.0,totalsettle,5.0,2.0,ПАО Московская Биржа,,0,data/m5/roskazna_deposits/raw_files/2026-04-28_20260428_183057469.XML,20260428_183057469.XML,,https://roskazna.gov.ru/storage/operation-day-files/20260428_183057469.XML
2026-04-28,22026125,средства единого казначейского счёта,рубли,2.0,2026-04-28,2026-04-30,FIXED,13.85,13.85,13.85,1610.0,1670.0,1610.0,1610.0,1610.0,totalsettle,2.0,2.0,ПАО Московская Биржа,,0,data/m5/roskazna_deposits/raw_files/2026-04-28_20260428_185456862.XML,20260428_185456862.XML,,https://roskazna.gov.ru/storage/operation-day-files/20260428_185456862.XML
2026-04-29,22026126,средства единого казначейского счёта,рубли,5.0,2026-04-29,2026-05-04,FIXED,13.85,14.41,14.41,20.0,71.0,20.0,20.0,20.0,totalsettle,5.0,1.0,ПАО Московская Биржа,,0,data/m5/roskazna_deposits/raw_files/2026-04-29_20260429_182252739.XML,20260429_182252739.XML,,https://roskazna.gov.ru/storage/operation-day-files/20260429_182252739.XML
2026-04-29,22026127,средства единого казначейского счёта,рубли,35.0,2026-04-29,2026-06-03,FLOATING,,0.6,0.62,50.0,208.688,50.0,50.0,50.0,totalsettle,7.0,2.0,ПАО Московская Биржа,,0,data/m5/roskazna_deposits/raw_files/2026-04-29_20260429_182252148.XML,20260429_182252148.XML,,https://roskazna.gov.ru/storage/operation-day-files/20260429_182252148.XML
2026-04-29,22026128,средства единого казначейского счёта,рубли,5.0,2026-04-29,2026-05-04,FIXED,13.85,14.39,14.39,110.0,270.0,110.0,110.0,110.0,totalsettle,4.0,1.0,ПАО Московская Биржа,,0,data/m5/roskazna_deposits/raw_files/2026-04-29_20260429_185616590.xml,20260429_185616590.xml,,https://roskazna.gov.ru/storage/operation-day-files/20260429_185616590.xml
2026-04-30,22026129,средства единого казначейского счёта,рубли,5.0,2026-04-30,2026-05-05,FIXED,13.85,13.85,13.86,478.0,639.0,478.0,478.0,478.0,totalsettle,5.0,5.0,АО СПВБ,,0,data/m5/roskazna_deposits/raw_files/2026-04-30_20260430_164047817.XML,20260430_164047817.XML,,https://roskazna.gov.ru/storage/operation-day-files/20260430_164047817.XML
2026-04-30,22026130,средства единого казначейского счёта,рубли,7.0,2026-04-30,2026-05-07,FIXED,13.85,13.85,13.88,600.0,1059.433,600.0,600.0,600.0,totalsettle,9.0,9.0,АО СПВБ,,0,data/m5/roskazna_deposits/raw_files/2026-04-30_20260430_164047817.XML,20260430_164047817.XML,,https://roskazna.gov.ru/storage/operation-day-files/20260430_164047817.XML
2026-04-30,22026131,средства единого казначейского счёта,рубли,14.0,2026-04-30,2026-05-14,FLOATING,,0.0,0.01,400.0,634.0,400.0,400.0,400.0,totalsettle,4.0,4.0,АО СПВБ,,0,data/m5/roskazna_deposits/raw_files/2026-04-30_20260430_164047817.XML,20260430_164047817.XML,,https://roskazna.gov.ru/storage/operation-day-files/20260430_164047817.XML
2026-04-30,22026132,средства единого казначейского счёта,рубли,35.0,2026-04-30,2026-06-04,FLOATING,,0.0,0.01,200.0,390.0,200.0,200.0,200.0,totalsettle,5.0,5.0,АО СПВБ,,0,data/m5/roskazna_deposits/raw_files/2026-04-30_20260430_164047817.XML,20260430_164047817.XML,,https://roskazna.gov.ru/storage/operation-day-files/20260430_164047817.XML
2026-04-30,22026133,средства единого казначейского счёта,рубли,5.0,2026-04-30,2026-05-05,FIXED,13.85,,,10.0,,,,10.0,maxvol_proxy,,,АО СПВБ,,0,data/m5/roskazna_deposits/raw_files/2026-04-30_20260430_164047817.XML,20260430_164047817.XML,,https://roskazna.gov.ru/storage/operation-day-files/20260430_164047817.XML
2026-04-30,22026133,средства единого казначейского счёта,рубли,5.0,2026-04-30,2026-05-05,FIXED,13.85,13.85,13.85,760.0,760.0,760.0,760.0,760.0,totalsettle,1.0,1.0,АО СПВБ,,0,data/m5/roskazna_deposits/raw_files/2026-04-30_20260430_191127284.XML,20260430_191127284.XML,,https://roskazna.gov.ru/storage/operation-day-files/20260430_191127284.XML
2026-05-04,22026134,средства единого казначейского счёта,рубли,2.0,2026-05-04,2026-05-06,FIXED,13.85,13.85,13.85,250.0,500.0,250.0,250.0,250.0,totalsettle,3.0,3.0,АО СПВБ,,0,data/m5/roskazna_deposits/raw_files/2026-05-04_20260504_181707770.XML,20260504_181707770.XML,,https://roskazna.gov.ru/storage/operation-day-files/20260504_181707770.XML
2026-05-04,22026135,средства единого казначейского счёта,рубли,35.0,2026-05-04,2026-06-08,FLOATING,,0.2,0.2,50.0,100.0,50.0,50.0,50.0,totalsettle,2.0,2.0,АО СПВБ,,0,data/m5/roskazna_deposits/raw_files/2026-05-04_20260504_181707963.XML,20260504_181707963.XML,,https://roskazna.gov.ru/storage/operation-day-files/20260504_181707963.XML
2026-05-04,22026136,средства единого казначейского счёта,рубли,2.0,2026-05-04,2026-05-06,FIXED,13.85,13.86,13.86,100.0,200.0,100.0,100.0,100.0,totalsettle,2.0,1.0,АО СПВБ,,0,data/m5/roskazna_deposits/raw_files/2026-05-04_20260504_182055197.XML,20260504_182055197.XML,,https://roskazna.gov.ru/storage/operation-day-files/20260504_182055197.XML
2026-05-05,22026137,средства единого казначейского счёта,рубли,2.0,2026-05-05,2026-05-07,FIXED,13.85,13.85,13.85,600.0,721.159,600.0,600.0,600.0,totalsettle,4.0,4.0,ПАО Московская Биржа,,0,data/m5/roskazna_deposits/raw_files/2026-05-05_20260505_174428247.XML,20260505_174428247.XML,,https://roskazna.gov.ru/storage/operation-day-files/20260505_174428247.XML
2026-05-05,22026138,средства единого казначейского счёта,рубли,7.0,2026-05-05,2026-05-12,FIXED,13.85,13.96,13.96,200.0,492.0,200.0,200.0,200.0,totalsettle,5.0,3.0,ПАО Московская Биржа,,0,data/m5/roskazna_deposits/raw_files/2026-05-05_20260505_174428923.XML,20260505_174428923.XML,,https://roskazna.gov.ru/storage/operation-day-files/20260505_174428923.XML
2026-05-05,22026139,средства единого казначейского счёта,рубли,35.0,2026-05-05,2026-06-09,FLOATING,,0.2,0.2,50.0,140.0,50.0,50.0,50.0,totalsettle,4.0,4.0,ПАО Московская Биржа,,0,data/m5/roskazna_deposits/raw_files/2026-05-05_20260505_174428323.XML,20260505_174428323.XML,,https://roskazna.gov.ru/storage/operation-day-files/20260505_174428323.XML
2026-05-05,22026140,средства единого казначейского счёта,рубли,364.0,2026-05-05,2027-05-04,FLOATING,,0.6,0.6,20.0,60.0,20.0,20.0,20.0,totalsettle,3.0,2.0,ПАО Московская Биржа,,0,data/m5/roskazna_deposits/raw_files/2026-05-05_20260505_174428130.XML,20260505_174428130.XML,,https://roskazna.gov.ru/storage/operation-day-files/20260505_174428130.XML
